{
  "id": "gen9vgc2024regh-2273129897",
  "format": "[Gen 9] VGC 2024 Reg H",
  "players": [
    "jon duan jozo",
    "Tendo Pain(Nagato)"
  ],
  "log": "|j|\u2606jon duan jozo\n|j|\u2606Tendo Pain(Nagato)\n|t:|1735736902\n|gametype|doubles\n|player|p1|jon duan jozo|ethan|1200\n|player|p2|Tendo Pain(Nagato)|bruno|1313\n|teamsize|p1|6\n|teamsize|p2|6\n|gen|9\n|tier|[Gen 9] VGC 2024 Reg H\n|rated|\n|rule|Species Clause: Limit one of each Pok\u00e9mon\n|rule|Item Clause: Limit 1 of each item\n|clearpoke\n|poke|p1|Archaludon, L50, M|\n|poke|p1|Kingdra, L50, F|\n|poke|p1|Politoed, L50, M|\n|poke|p1|Incineroar, L50, F|\n|poke|p1|Gothitelle, L50, M|\n|poke|p1|Amoonguss, L50, M|\n|poke|p2|Dragapult, L50, M|\n|poke|p2|Sentret, L50, F|\n|poke|p2|Gholdengo, L50|\n|poke|p2|Whimsicott, L50, M|\n|poke|p2|Primarina, L50, F|\n|poke|p2|Annihilape, L50, F|\n|teampreview|4\n|inactive|Battle timer is ON: inactive players will automatically lose when time's up. (requested by jon duan jozo)\n|\n|t:|1735736919\n|start\n|switch|p1a: Gothitelle|Gothitelle, L50, M|100/100\n|switch|p1b: Kingdra|Kingdra, L50, F|100/100\n|switch|p2a: Sentret|Sentret, L50, F|100/100\n|switch|p2b: Dragapult|Dragapult, L50, M|100/100\n|-item|p1a: Gothitelle|Sitrus Berry|[from] ability: Frisk|[of] p2a: Sentret\n|-item|p1b: Kingdra|Life Orb|[from] ability: Frisk|[of] p2a: Sentret\n|turn|1\n|\n|t:|1735736929\n|switch|p1a: Politoed|Politoed, L50, M|100/100\n|-weather|RainDance|[from] ability: Drizzle|[of] p1a: Politoed\n|-terastallize|p2a: Sentret|Ghost\n|move|p2a: Sentret|Sucker Punch|p2b: Dragapult\n|-supereffective|p2b: Dragapult\n|-damage|p2b: Dragapult|77/100\n|-enditem|p2b: Dragapult|Weakness Policy\n|-boost|p2b: Dragapult|atk|2|[from] item: Weakness Policy\n|-boost|p2b: Dragapult|spa|2|[from] item: Weakness Policy\n|move|p1b: Kingdra|Draco Meteor|p2b: Dragapult\n|-supereffective|p2b: Dragapult\n|-damage|p2b: Dragapult|0 fnt\n|-unboost|p1b: Kingdra|spa|2\n|faint|p2b: Dragapult\n|-damage|p1b: Kingdra|91/100|[from] item: Life Orb\n|\n|-weather|RainDance|[upkeep]\n|upkeep\n|\n|t:|1735736938\n|switch|p2b: Whimsicott|Whimsicott, L50, M|100/100\n|turn|2\n|\n|t:|1735736950\n|-terastallize|p1b: Kingdra|Stellar\n|move|p2a: Sentret|Follow Me|p2a: Sentret\n|-singleturn|p2a: Sentret|move: Follow Me\n|move|p2b: Whimsicott|Tailwind|p2b: Whimsicott\n|-sidestart|p2: Tendo Pain(Nagato)|move: Tailwind\n|move|p1b: Kingdra|Hurricane|p2a: Sentret\n|-damage|p2a: Sentret|39/100\n|-damage|p1b: Kingdra|82/100|[from] item: Life Orb\n|move|p1a: Politoed|Encore|p2a: Sentret\n|-start|p2a: Sentret|Encore\n|\n|-weather|RainDance|[upkeep]\n|upkeep\n|turn|3\n|\n|t:|1735736966\n|switch|p2a: Annihilape|Annihilape, L50, F|100/100\n|move|p2b: Whimsicott|Encore||[still]\n|-fail|p2b: Whimsicott\n|move|p1b: Kingdra|Hurricane|p2a: Annihilape\n|-supereffective|p2a: Annihilape\n|-damage|p2a: Annihilape|69/100\n|-damage|p1b: Kingdra|72/100|[from] item: Life Orb\n|move|p1a: Politoed|Perish Song|p1a: Politoed\n|-start|p1a: Politoed|perish3|[silent]\n|-start|p1b: Kingdra|perish3|[silent]\n|-start|p2a: Annihilape|perish3|[silent]\n|-start|p2b: Whimsicott|perish3|[silent]\n|-fieldactivate|move: Perish Song\n|\n|-weather|RainDance|[upkeep]\n|-start|p2b: Whimsicott|perish3\n|-start|p1b: Kingdra|perish3\n|-start|p2a: Annihilape|perish3\n|-start|p1a: Politoed|perish3\n|upkeep\n|turn|4\n|\n|t:|1735736990\n|switch|p2a: Sentret|Sentret, L50, F, tera:Ghost|39/100\n|-item|p1a: Politoed|Leftovers|[from] ability: Frisk|[of] p2a: Sentret\n|-item|p1b: Kingdra|Life Orb|[from] ability: Frisk|[of] p2a: Sentret\n|move|p2b: Whimsicott|Moonblast|p1b: Kingdra\n|-supereffective|p1b: Kingdra\n|-damage|p1b: Kingdra|3/100\n|-unboost|p1b: Kingdra|spa|1\n|move|p1b: Kingdra|Hurricane|p2b: Whimsicott\n|-supereffective|p2b: Whimsicott\n|-damage|p2b: Whimsicott|49/100\n|-damage|p1b: Kingdra|0 fnt|[from] item: Life Orb\n|faint|p1b: Kingdra\n|move|p1a: Politoed|Perish Song|p1a: Politoed\n|-start|p2a: Sentret|perish3|[silent]\n|-fieldactivate|move: Perish Song\n|\n|-weather|RainDance|[upkeep]\n|-start|p2b: Whimsicott|perish2\n|-start|p2a: Sentret|perish3\n|-start|p1a: Politoed|perish2\n|upkeep\n|\n|t:|1735737007\n|switch|p1b: Gothitelle|Gothitelle, L50, M|100/100\n|turn|5\n|\n|t:|1735737019\n|switch|p1a: Archaludon|Archaludon, L50, M|100/100\n|move|p1b: Gothitelle|Protect|p1b: Gothitelle\n|-singleturn|p1b: Gothitelle|Protect\n|move|p2b: Whimsicott|Moonblast|p1b: Gothitelle\n|-activate|p1b: Gothitelle|move: Protect\n|move|p2a: Sentret|Endeavor|p1b: Gothitelle\n|-activate|p1b: Gothitelle|move: Protect\n|\n|-weather|none\n|-start|p2b: Whimsicott|perish1\n|-start|p2a: Sentret|perish2\n|-sideend|p2: Tendo Pain(Nagato)|move: Tailwind\n|upkeep\n|turn|6\n|\n|t:|1735737035\n|switch|p1b: Politoed|Politoed, L50, M|100/100\n|-weather|RainDance|[from] ability: Drizzle|[of] p1b: Politoed\n|move|p2b: Whimsicott|Encore||[still]\n|-fail|p2b: Whimsicott\n|move|p1a: Archaludon|Electro Shot||[still]\n|-prepare|p1a: Archaludon|Electro Shot\n|-boost|p1a: Archaludon|spa|1\n|-anim|p1a: Archaludon|Electro Shot|p2a: Sentret\n|-damage|p2a: Sentret|0 fnt\n|faint|p2a: Sentret\n|\n|-weather|RainDance|[upkeep]\n|-start|p2b: Whimsicott|perish0\n|upkeep\n|faint|p2b: Whimsicott\n|\n|t:|1735737048\n|switch|p2b: Annihilape|Annihilape, L50, F|69/100\n|turn|7\n|\n|t:|1735737056\n|move|p1a: Archaludon|Electro Shot||[still]\n|-prepare|p1a: Archaludon|Electro Shot\n|-boost|p1a: Archaludon|spa|1\n|-anim|p1a: Archaludon|Electro Shot|p2b: Annihilape\n|-damage|p2b: Annihilape|7/100\n|move|p2b: Annihilape|Rage Fist|p1b: Politoed\n|-damage|p1b: Politoed|50/100\n|-heal|p2b: Annihilape|13/100|[from] item: Shell Bell|[of] p1b: Politoed\n|move|p1b: Politoed|Perish Song|p1b: Politoed\n|-start|p1a: Archaludon|perish3|[silent]\n|-start|p1b: Politoed|perish3|[silent]\n|-start|p2b: Annihilape|perish3|[silent]\n|-fieldactivate|move: Perish Song\n|\n|-weather|RainDance|[upkeep]\n|-heal|p1b: Politoed|56/100|[from] item: Leftovers\n|-start|p1a: Archaludon|perish3\n|-start|p2b: Annihilape|perish3\n|-start|p1b: Politoed|perish3\n|upkeep\n|turn|8\n|-message|Tendo Pain(Nagato) forfeited.\n|\n|win|jon duan jozo\n|raw|jon duan jozo's rating: 1200 &rarr; <strong>1233</strong><br />(+33 for winning)\n|raw|Tendo Pain(Nagato)'s rating: 1313 &rarr; <strong>1287</strong><br />(-26 for losing)\n|l|\u2606Tendo Pain(Nagato)\n|player|p2|\n|l|\u2606jon duan jozo\n|player|p1|\n",
  "uploadtime": 1735737398,
  "views": 15,
  "formatid": "gen9vgc2024regh",
  "rating": 1233,
  "private": 0,
  "password": null
}