{
  "id": "gen9vgc2024regh-2273110488",
  "format": "[Gen 9] VGC 2024 Reg H",
  "players": [
    "toyserno",
    "jony_vgc"
  ],
  "log": "|j|\u2606toyserno\n|j|\u2606jony_vgc\n|t:|1735732543\n|gametype|doubles\n|player|p1|toyserno|gambler|1195\n|player|p2|jony_vgc|2|1078\n|teamsize|p1|6\n|teamsize|p2|6\n|gen|9\n|tier|[Gen 9] VGC 2024 Reg H\n|rated|\n|rule|Species Clause: Limit one of each Pok\u00e9mon\n|rule|Item Clause: Limit 1 of each item\n|clearpoke\n|poke|p1|Archaludon, L50, M|\n|poke|p1|Pelipper, L50, M|\n|poke|p1|Sinistcha-Masterpiece, L50|\n|poke|p1|Dragonite, L50, F|\n|poke|p1|Ursaluna, L50, M|\n|poke|p1|Incineroar, L50, M|\n|poke|p2|Froakie, L50, F|\n|poke|p2|Scorbunny, L50, M|\n|poke|p2|Meowth, L50, M|\n|poke|p2|Geodude-Alola, L50, F|\n|poke|p2|Sandile, L50, M|\n|poke|p2|Treecko, L50, M|\n|teampreview|4\n|inactive|Battle timer is ON: inactive players will automatically lose when time's up. (requested by toyserno)\n|c|\u2606toyserno|ok?\n|\n|t:|1735732582\n|start\n|switch|p1a: Dragonite|Dragonite, L50, F|100/100\n|switch|p1b: Archaludon|Archaludon, L50, M|100/100\n|switch|p2a: Meowth|Meowth, L50, M|100/100\n|switch|p2b: Scorbunny|Scorbunny, L50, M|100/100\n|turn|1\n|\n|t:|1735732601\n|switch|p1b: Sinistcha|Sinistcha-Masterpiece, L50|100/100\n|move|p2a: Meowth|Fake Out|p1a: Dragonite\n|-damage|p1a: Dragonite|90/100\n|move|p2b: Scorbunny|Low Kick|p1b: Sinistcha\n|-start|p2b: Scorbunny|typechange|Fighting|[from] ability: Libero\n|-immune|p1b: Sinistcha\n|cant|p1a: Dragonite|flinch\n|\n|upkeep\n|turn|2\n|\n|t:|1735732622\n|switch|p2b: Froakie|Froakie, L50, F|100/100\n|-terastallize|p2a: Meowth|Ghost\n|move|p2a: Meowth|Bite|p1b: Sinistcha\n|-supereffective|p1b: Sinistcha\n|-damage|p1b: Sinistcha|66/100\n|move|p1a: Dragonite|Scale Shot|p2b: Froakie\n|-damage|p2b: Froakie|65/100\n|-damage|p2b: Froakie|32/100\n|-damage|p2b: Froakie|0 fnt\n|faint|p2b: Froakie\n|-hitcount|p2: Froakie|3\n|-unboost|p1a: Dragonite|def|1\n|-boost|p1a: Dragonite|spe|1\n|cant|p1b: Sinistcha|flinch\n|\n|upkeep\n|\n|t:|1735732626\n|switch|p2b: Scorbunny|Scorbunny, L50, M|100/100\n|turn|3\n|\n|t:|1735732642\n|move|p2a: Meowth|Feint|p1a: Dragonite\n|-damage|p1a: Dragonite|70/100\n|move|p1b: Sinistcha|Rage Powder|p1b: Sinistcha\n|-singleturn|p1b: Sinistcha|move: Rage Powder\n|move|p1a: Dragonite|Scale Shot|p2b: Scorbunny\n|-damage|p2b: Scorbunny|67/100\n|-damage|p2b: Scorbunny|38/100\n|-damage|p2b: Scorbunny|2/100\n|-damage|p2b: Scorbunny|0 fnt\n|faint|p2b: Scorbunny\n|-hitcount|p2: Scorbunny|4\n|-unboost|p1a: Dragonite|def|1\n|-boost|p1a: Dragonite|spe|1\n|\n|upkeep\n|\n|t:|1735732650\n|switch|p2b: Treecko|Treecko, L50, M|100/100\n|turn|4\n|\n|t:|1735732659\n|move|p1b: Sinistcha|Rage Powder|p1b: Sinistcha\n|-singleturn|p1b: Sinistcha|move: Rage Powder\n|move|p1a: Dragonite|Scale Shot|p2b: Treecko\n|-damage|p2b: Treecko|73/100\n|-damage|p2b: Treecko|49/100\n|-damage|p2b: Treecko|20/100\n|-damage|p2b: Treecko|0 fnt\n|faint|p2b: Treecko\n|-hitcount|p2: Treecko|4\n|-unboost|p1a: Dragonite|def|1\n|-boost|p1a: Dragonite|spe|1\n|move|p2a: Meowth|Bite|p1b: Sinistcha\n|-supereffective|p1b: Sinistcha\n|-damage|p1b: Sinistcha|34/100\n|-enditem|p1b: Sinistcha|Sitrus Berry|[eat]\n|-heal|p1b: Sinistcha|58/100|[from] item: Sitrus Berry\n|\n|upkeep\n|turn|5\n|\n|t:|1735732678\n|move|p1a: Dragonite|Scale Shot|p2a: Meowth\n|-damage|p2a: Meowth|62/100\n|-damage|p2a: Meowth|25/100\n|-damage|p2a: Meowth|0 fnt\n|faint|p2a: Meowth\n|-hitcount|p2: Meowth|3\n|\n|win|toyserno\n|raw|toyserno's rating: 1195 &rarr; <strong>1212</strong><br />(+17 for winning)\n|raw|jony_vgc's rating: 1078 &rarr; <strong>1063</strong><br />(-15 for losing)\n|l|\u2606toyserno\n|player|p1|\n|l|\u2606jony_vgc\n|player|p2|\n",
  "uploadtime": 1735733081,
  "views": 34,
  "formatid": "gen9vgc2024regh",
  "rating": 1063,
  "private": 0,
  "password": null
}