{
  "id": "gen9vgc2024regh-2273221037",
  "format": "[Gen 9] VGC 2024 Reg H",
  "players": [
    "redbrood",
    "kikioko"
  ],
  "log": "|j|\u2606redbrood\n|j|\u2606kikioko\n|t:|1735751970\n|gametype|doubles\n|player|p1|redbrood|265|1388\n|player|p2|kikioko|169|1292\n|teamsize|p1|6\n|teamsize|p2|6\n|gen|9\n|tier|[Gen 9] VGC 2024 Reg H\n|rated|\n|rule|Species Clause: Limit one of each Pok\u00e9mon\n|rule|Item Clause: Limit 1 of each item\n|clearpoke\n|poke|p1|Grimmsnarl, L50, M|\n|poke|p1|Volcarona, L50, F|\n|poke|p1|Oricorio-Sensu, L50, F|\n|poke|p1|Hitmontop, L50, M|\n|poke|p1|Archaludon, L50, F|\n|poke|p1|Politoed, L50, F|\n|poke|p2|Dragonite, L50, F|\n|poke|p2|Arcanine-Hisui, L50, F|\n|poke|p2|Ninetales-Alola, L50, F|\n|poke|p2|Mamoswine, L50, F|\n|poke|p2|Hariyama, L50, F|\n|poke|p2|Jumpluff, L50, F|\n|teampreview|4\n|inactive|Battle timer is ON: inactive players will automatically lose when time's up. (requested by redbrood)\nredbrood has agreed to open team sheets.\n|\n|t:|1735752003\n|start\n|switch|p1a: Grimmsnarl|Grimmsnarl, L50, M|100/100\n|switch|p1b: Volcarona|Volcarona, L50, F|100/100\n|switch|p2a: Jumpluff|Jumpluff, L50, F, shiny|100/100\n|switch|p2b: Hariyama|Hariyama, L50, F, shiny|100/100\n|turn|1\n|inactive|kikioko has 30 seconds left.\n|\n|t:|1735752032\n|-terastallize|p2a: Jumpluff|Water\n|move|p1a: Grimmsnarl|Fake Out|p2a: Jumpluff\n|-damage|p2a: Jumpluff|88/100\n|move|p2b: Hariyama|Fake Out|p1a: Grimmsnarl\n|-damage|p1a: Grimmsnarl|86/100\n|cant|p2a: Jumpluff|flinch\n|move|p1b: Volcarona|Quiver Dance|p1b: Volcarona\n|-boost|p1b: Volcarona|spa|1\n|-boost|p1b: Volcarona|spd|1\n|-boost|p1b: Volcarona|spe|1\n|\n|-status|p2b: Hariyama|brn|[from] item: Flame Orb\n|upkeep\n|turn|2\n|\n|t:|1735752054\n|-terastallize|p1b: Volcarona|Grass\n|move|p1a: Grimmsnarl|Reflect|p1a: Grimmsnarl\n|-sidestart|p1: redbrood|Reflect\n|move|p1b: Volcarona|Giga Drain|p2a: Jumpluff\n|-supereffective|p2a: Jumpluff\n|-damage|p2a: Jumpluff|0 fnt\n|faint|p2a: Jumpluff\n|move|p2b: Hariyama|Knock Off|p1b: Volcarona\n|-damage|p1b: Volcarona|68/100\n|-enditem|p1b: Volcarona|Leftovers|[from] move: Knock Off|[of] p2b: Hariyama\n|\n|-damage|p2b: Hariyama|95/100 brn|[from] brn\n|upkeep\n|\n|t:|1735752074\n|switch|p2a: Ninetales|Ninetales-Alola, L50, F, shiny|100/100\n|-weather|Snow|[from] ability: Snow Warning|[of] p2a: Ninetales\n|turn|3\n|\n|t:|1735752090\n|move|p1b: Volcarona|Protect|p1b: Volcarona\n|-singleturn|p1b: Volcarona|Protect\n|move|p1a: Grimmsnarl|Parting Shot|p2a: Ninetales\n|-unboost|p2a: Ninetales|atk|1\n|-unboost|p2a: Ninetales|spa|1\n|\n|t:|1735752095\n|switch|p1a: Politoed|Politoed, L50, F|100/100|[from] Parting Shot\n|-weather|RainDance|[from] ability: Drizzle|[of] p1a: Politoed\n|move|p2a: Ninetales|Blizzard|p1a: Politoed|[spread] \n|-activate|p1b: Volcarona|move: Protect\n|-miss|p2a: Ninetales|p1a: Politoed\n|move|p2b: Hariyama|Drain Punch|p1a: Politoed\n|-damage|p1a: Politoed|57/100\n|-heal|p2b: Hariyama|100/100 brn|[from] drain|[of] p1a: Politoed\n|\n|-weather|RainDance|[upkeep]\n|-damage|p2b: Hariyama|95/100 brn|[from] brn\n|upkeep\n|turn|4\n|inactive|redbrood has 30 seconds left.\n|\n|t:|1735752120\n|move|p2a: Ninetales|Protect|p2a: Ninetales\n|-singleturn|p2a: Ninetales|Protect\n|move|p1b: Volcarona|Giga Drain|p2b: Hariyama\n|-damage|p2b: Hariyama|43/100 brn\n|-heal|p1b: Volcarona|97/100|[from] drain|[of] p2b: Hariyama\n|move|p2b: Hariyama|Drain Punch|p1b: Volcarona\n|-damage|p1b: Volcarona|64/100\n|-heal|p2b: Hariyama|58/100 brn|[from] drain|[of] p1b: Volcarona\n|move|p1a: Politoed|Muddy Water|p2b: Hariyama|[spread] p2b\n|-activate|p2a: Ninetales|move: Protect\n|-damage|p2b: Hariyama|24/100 brn\n|\n|-weather|RainDance|[upkeep]\n|-damage|p2b: Hariyama|18/100 brn|[from] brn\n|upkeep\n|turn|5\n|l|\u2606kikioko\n|inactive|kikioko disconnected and has a minute to reconnect!\n|player|p2|\n|inactive|kikioko has 30 seconds left.\n|inactive|kikioko has 20 seconds left.\n|inactive|kikioko has 15 seconds left.\n|inactive|kikioko has 10 seconds left.\n|inactive|kikioko has 5 seconds left.\n|-message|kikioko lost due to inactivity.\n|\n|win|redbrood\n|raw|redbrood's rating: 1388 &rarr; <strong>1403</strong><br />(+15 for winning)\n|raw|kikioko's rating: 1292 &rarr; <strong>1274</strong><br />(-18 for losing)\n|l|\u2606redbrood\n|player|p1|\n",
  "uploadtime": 1735752487,
  "views": 348,
  "formatid": "gen9vgc2024regh",
  "rating": 1274,
  "private": 0,
  "password": null
}