{
  "id": "gen9vgc2024regh-2273135745",
  "format": "[Gen 9] VGC 2024 Reg H",
  "players": [
    "syll0g1sm",
    "BenzHopes"
  ],
  "log": "|j|\u2606syll0g1sm\n|j|\u2606BenzHopes\n|t:|1735738128\n|gametype|doubles\n|player|p1|syll0g1sm|1|1217\n|player|p2|BenzHopes|101|1303\n|teamsize|p1|6\n|teamsize|p2|6\n|gen|9\n|tier|[Gen 9] VGC 2024 Reg H\n|rated|\n|rule|Species Clause: Limit one of each Pok\u00e9mon\n|rule|Item Clause: Limit 1 of each item\n|clearpoke\n|poke|p1|Ursaluna, L50, F|\n|poke|p1|Exeggutor-Alola, L50, F|\n|poke|p1|Torkoal, L50, M|\n|poke|p1|Lilligant-Hisui, L50, F|\n|poke|p1|Sableye, L50, F|\n|poke|p1|Gallade, L50, M|\n|poke|p2|Palafin, L50, M|\n|poke|p2|Incineroar, L50, M|\n|poke|p2|Pelipper, L50, M|\n|poke|p2|Archaludon, L50, M|\n|poke|p2|Porygon2, L50|\n|poke|p2|Ursaluna, L50, M|\n|teampreview|4\n|inactive|Battle timer is ON: inactive players will automatically lose when time's up. (requested by BenzHopes)\n|\n|t:|1735738154\n|start\n|switch|p1a: Sableye|Sableye, L50, F|100/100\n|switch|p1b: Exeggutor|Exeggutor-Alola, L50, F|100/100\n|switch|p2a: Palafin|Palafin, L50, M|100/100\n|switch|p2b: Incineroar|Incineroar, L50, M|100/100\n|-ability|p2b: Incineroar|Intimidate|boost\n|-unboost|p1a: Sableye|atk|1\n|-unboost|p1b: Exeggutor|atk|1\n|turn|1\n|\n|t:|1735738175\n|detailschange|p2a: Palafin|Palafin-Hero, L50, M\n|switch|p2a: Archaludon|Archaludon, L50, M|100/100\n|move|p1a: Sableye|Light Screen|p1a: Sableye\n|-sidestart|p1: syll0g1sm|move: Light Screen\n|move|p2b: Incineroar|Taunt|p1a: Sableye\n|-start|p1a: Sableye|move: Taunt\n|move|p1b: Exeggutor|Trick Room|p1b: Exeggutor\n|-fieldstart|move: Trick Room|[of] p1b: Exeggutor\n|\n|upkeep\n|turn|2\n|inactive|syll0g1sm has 30 seconds left.\n|inactive|BenzHopes has 30 seconds left.\n|\n|t:|1735738206\n|switch|p1a: Gallade|Gallade, L50, M|100/100\n|switch|p2b: Pelipper|Pelipper, L50, M|100/100\n|-weather|RainDance|[from] ability: Drizzle|[of] p2b: Pelipper\n|move|p1b: Exeggutor|Dragon Pulse|p2a: Archaludon\n|-damage|p2a: Archaludon|69/100\n|-ability|p2a: Archaludon|Stamina|boost\n|-boost|p2a: Archaludon|def|1\n|move|p2a: Archaludon|Electro Shot||[still]\n|-prepare|p2a: Archaludon|Electro Shot\n|-boost|p2a: Archaludon|spa|1\n|-anim|p2a: Archaludon|Electro Shot|p1b: Exeggutor\n|-resisted|p1b: Exeggutor\n|-damage|p1b: Exeggutor|91/100\n|\n|-weather|RainDance|[upkeep]\n|upkeep\n|turn|3\n|inactive|syll0g1sm has 30 seconds left.\n|\n|t:|1735738234\n|-terastallize|p2a: Archaludon|Electric\n|move|p1b: Exeggutor|Calm Mind|p1b: Exeggutor\n|-boost|p1b: Exeggutor|spa|1\n|-boost|p1b: Exeggutor|spd|1\n|move|p1a: Gallade|Sacred Sword|p2a: Archaludon\n|-damage|p2a: Archaludon|0 fnt\n|faint|p2a: Archaludon\n|move|p2b: Pelipper|Hurricane|p1b: Exeggutor\n|-supereffective|p1b: Exeggutor\n|-damage|p1b: Exeggutor|47/100\n|-enditem|p1b: Exeggutor|Sitrus Berry|[eat]\n|-heal|p1b: Exeggutor|72/100|[from] item: Sitrus Berry\n|\n|-weather|RainDance|[upkeep]\n|-item|p1b: Exeggutor|Sitrus Berry|[from] ability: Harvest\n|upkeep\n|\n|t:|1735738248\n|switch|p2a: Palafin|Palafin-Hero, L50, M|100/100\n|-activate|p2a: Palafin|ability: Zero to Hero\n|turn|4\n|\n|t:|1735738271\n|move|p1b: Exeggutor|Dragon Pulse|p2b: Pelipper\n|-enditem|p2b: Pelipper|Focus Sash\n|-damage|p2b: Pelipper|1/100\n|move|p1a: Gallade|Sacred Sword|p2b: Pelipper\n|-resisted|p2b: Pelipper\n|-damage|p2b: Pelipper|0 fnt\n|faint|p2b: Pelipper\n|move|p2a: Palafin|Wave Crash|p1a: Gallade\n|-damage|p1a: Gallade|0 fnt\n|faint|p1a: Gallade\n|-damage|p2a: Palafin|68/100|[from] Recoil\n|-damage|p2a: Palafin|58/100|[from] item: Life Orb\n|\n|-weather|RainDance|[upkeep]\n|upkeep\n|\n|t:|1735738289\n|switch|p1a: Sableye|Sableye, L50, F|100/100\n|switch|p2b: Incineroar|Incineroar, L50, M|100/100\n|-ability|p2b: Incineroar|Intimidate|boost\n|-unboost|p1a: Sableye|atk|1\n|-unboost|p1b: Exeggutor|atk|1\n|turn|5\n|inactive|syll0g1sm has 30 seconds left.\n|\n|t:|1735738315\n|move|p2b: Incineroar|Fake Out|p1b: Exeggutor\n|-damage|p1b: Exeggutor|61/100\n|move|p1a: Sableye|Encore|p2a: Palafin\n|-start|p2a: Palafin|Encore\n|cant|p1b: Exeggutor|flinch\n|move|p2a: Palafin|Wave Crash|p1a: Sableye\n|-damage|p1a: Sableye|0 fnt\n|faint|p1a: Sableye\n|-damage|p2a: Palafin|28/100|[from] Recoil\n|-damage|p2a: Palafin|19/100|[from] item: Life Orb\n|\n|-weather|RainDance|[upkeep]\n|-sideend|p1: syll0g1sm|move: Light Screen\n|-fieldend|move: Trick Room\n|upkeep\n|\n|t:|1735738328\n|switch|p1a: Ursaluna|Ursaluna, L50, F|100/100\n|turn|6\n|\n|t:|1735738351\n|move|p1a: Ursaluna|Protect|p1a: Ursaluna\n|-singleturn|p1a: Ursaluna|Protect\n|move|p1b: Exeggutor|Protect|p1b: Exeggutor\n|-singleturn|p1b: Exeggutor|Protect\n|move|p2a: Palafin|Wave Crash|p1a: Ursaluna\n|-activate|p1a: Ursaluna|move: Protect\n|move|p2b: Incineroar|Knock Off|p1b: Exeggutor\n|-activate|p1b: Exeggutor|move: Protect\n|\n|-weather|none\n|-status|p1a: Ursaluna|brn|[from] item: Flame Orb\n|upkeep\n|turn|7\n|\n|t:|1735738374\n|-terastallize|p1a: Ursaluna|Dragon\n|move|p2a: Palafin|Wave Crash|p1a: Ursaluna\n|-resisted|p1a: Ursaluna\n|-damage|p1a: Ursaluna|62/100 brn\n|-damage|p2a: Palafin|2/100|[from] Recoil\n|-damage|p2a: Palafin|0 fnt|[from] item: Life Orb\n|faint|p2a: Palafin\n|move|p2b: Incineroar|Knock Off|p1a: Ursaluna\n|-damage|p1a: Ursaluna|33/100 brn\n|-enditem|p1a: Ursaluna|Flame Orb|[from] move: Knock Off|[of] p2b: Incineroar\n|move|p1a: Ursaluna|Facade|p2b: Incineroar\n|-damage|p2b: Incineroar|0 fnt\n|faint|p2b: Incineroar\n|\n|win|syll0g1sm\n|raw|syll0g1sm's rating: 1217 &rarr; <strong>1248</strong><br />(+31 for winning)\n|raw|BenzHopes's rating: 1303 &rarr; <strong>1278</strong><br />(-25 for losing)\n|l|\u2606BenzHopes\n|player|p2|\n|l|\u2606syll0g1sm\n|player|p1|\n",
  "uploadtime": 1735738782,
  "views": 21,
  "formatid": "gen9vgc2024regh",
  "rating": 1248,
  "private": 0,
  "password": null
}