{
  "id": "gen9vgc2024regh-2273159091",
  "format": "[Gen 9] VGC 2024 Reg H",
  "players": [
    "jurazza",
    "nicolas rainier"
  ],
  "log": "|j|\u2606jurazza\n|j|\u2606nicolas rainier\n|t:|1735742536\n|gametype|doubles\n|player|p1|jurazza|n|1334\n|player|p2|nicolas rainier|266|1526\n|teamsize|p1|6\n|teamsize|p2|6\n|gen|9\n|tier|[Gen 9] VGC 2024 Reg H\n|rated|\n|rule|Species Clause: Limit one of each Pok\u00e9mon\n|rule|Item Clause: Limit 1 of each item\n|clearpoke\n|poke|p1|Malamar, L50, F|\n|poke|p1|Rillaboom, L50, M|\n|poke|p1|Incineroar, L50, M|\n|poke|p1|Primarina, L50, F|\n|poke|p1|Pelipper, L50, M|\n|poke|p1|Archaludon, L50, F|\n|poke|p2|Farigiraf, L50, M|\n|poke|p2|Sinistcha-Masterpiece, L50|\n|poke|p2|Ursaluna-Bloodmoon, L50, M|\n|poke|p2|Incineroar, L50, M|\n|poke|p2|Gholdengo, L50|\n|poke|p2|Flamigo, L50, F|\n|teampreview|4\n|inactive|Battle timer is ON: inactive players will automatically lose when time's up. (requested by jurazza)\n|inactive|jurazza has 60 seconds left.\n|inactive|nicolas rainier has 60 seconds left.\n|\n|t:|1735742579\n|start\n|switch|p1a: Malamar|Malamar, L50, F|100/100\n|switch|p1b: Incineroar|Incineroar, L50, M|100/100\n|switch|p2a: Gholdengo|Gholdengo, L50|100/100\n|switch|p2b: Sinistcha|Sinistcha-Masterpiece, L50|100/100\n|-ability|p1b: Incineroar|Intimidate|boost\n|-unboost|p2a: Gholdengo|atk|1\n|-unboost|p2b: Sinistcha|atk|1\n|turn|1\n|inactive|nicolas rainier has 30 seconds left.\n|inactive|nicolas rainier has 20 seconds left.\n|inactive|nicolas rainier has 15 seconds left.\n|inactive|nicolas rainier has 10 seconds left.\n|\n|t:|1735742629\n|move|p2b: Sinistcha|Rage Powder|p2b: Sinistcha\n|-singleturn|p2b: Sinistcha|move: Rage Powder\n|move|p2a: Gholdengo|Nasty Plot|p2a: Gholdengo\n|-boost|p2a: Gholdengo|spa|2\n|move|p1a: Malamar|Skill Swap|p2b: Sinistcha\n|-activate|p1a: Malamar|move: Skill Swap|Hospitality|Contrary|[of] p2b: Sinistcha\n|move|p1b: Incineroar|Knock Off|p2b: Sinistcha\n|-supereffective|p2b: Sinistcha\n|-damage|p2b: Sinistcha|0 fnt\n|-enditem|p2b: Sinistcha|Meadow Plate|[from] move: Knock Off|[of] p1b: Incineroar\n|faint|p2b: Sinistcha\n|\n|upkeep\n|\n|t:|1735742643\n|switch|p2b: Farigiraf|Farigiraf, L50, M, shiny|100/100\n|turn|2\n|\n|t:|1735742666\n|switch|p1a: Mine Mine|Pelipper, L50, M|100/100\n|-weather|RainDance|[from] ability: Drizzle|[of] p1a: Mine Mine\n|-terastallize|p2a: Gholdengo|Fairy\n|move|p2a: Gholdengo|Dazzling Gleam|p1a: Mine Mine|[spread] p1a,p1b\n|-enditem|p1a: Mine Mine|Focus Sash\n|-damage|p1a: Mine Mine|1/100\n|-damage|p1b: Incineroar|38/100\n|move|p1b: Incineroar|Flare Blitz|p2a: Gholdengo\n|-damage|p2a: Gholdengo|67/100\n|-damage|p1b: Incineroar|28/100|[from] Recoil\n|move|p2b: Farigiraf|Trick Room|p2b: Farigiraf\n|-fieldstart|move: Trick Room|[of] p2b: Farigiraf\n|\n|-weather|RainDance|[upkeep]\n|upkeep\n|turn|3\n|inactive|jurazza has 30 seconds left.\n|\n|t:|1735742691\n|switch|p1b: Hudson|Archaludon, L50, F|100/100\n|move|p2a: Gholdengo|Protect|p2a: Gholdengo\n|-singleturn|p2a: Gholdengo|Protect\n|move|p2b: Farigiraf|Psychic|p1a: Mine Mine\n|-damage|p1a: Mine Mine|0 fnt\n|faint|p1a: Mine Mine\n|\n|-weather|RainDance|[upkeep]\n|upkeep\n|\n|t:|1735742708\n|switch|p1a: Malamar|Malamar, L50, F|100/100\n|turn|4\n|\n|t:|1735742721\n|move|p2b: Farigiraf|Hyper Voice|p1a: Malamar|[spread] p1a,p1b\n|-resisted|p1b: Hudson\n|-damage|p1a: Malamar|70/100\n|-damage|p1b: Hudson|88/100\n|-ability|p1b: Hudson|Stamina|boost\n|-boost|p1b: Hudson|def|1\n|-enditem|p2b: Farigiraf|Throat Spray\n|-boost|p2b: Farigiraf|spa|1|[from] item: Throat Spray\n|move|p1a: Malamar|Skill Swap|p1b: Hudson\n|-activate|p1a: Malamar|move: Skill Swap|||[of] p1b: Hudson\n|move|p1b: Hudson|Draco Meteor|p2b: Farigiraf\n|-damage|p2b: Farigiraf|41/100\n|-boost|p1b: Hudson|spa|2\n|move|p2a: Gholdengo|Dazzling Gleam|p1a: Malamar|[spread] p1a,p1b\n|-supereffective|p1a: Malamar\n|-damage|p1a: Malamar|0 fnt\n|-damage|p1b: Hudson|28/100\n|faint|p1a: Malamar\n|\n|-weather|RainDance|[upkeep]\n|upkeep\n|\n|t:|1735742739\n|switch|p1a: Incineroar|Incineroar, L50, M|28/100\n|-ability|p1a: Incineroar|Intimidate|boost\n|-unboost|p2a: Gholdengo|atk|1\n|-unboost|p2b: Farigiraf|atk|1\n|turn|5\n|\n|t:|1735742752\n|move|p1a: Incineroar|Knock Off|p2b: Farigiraf\n|-supereffective|p2b: Farigiraf\n|-damage|p2b: Farigiraf|0 fnt\n|faint|p2b: Farigiraf\n|move|p1b: Hudson|Flash Cannon|p2a: Gholdengo\n|-supereffective|p2a: Gholdengo\n|-damage|p2a: Gholdengo|0 fnt\n|faint|p2a: Gholdengo\n|\n|-weather|RainDance|[upkeep]\n|upkeep\n|\n|t:|1735742761\n|switch|p2a: Ursaluna|Ursaluna-Bloodmoon, L50, M|100/100\n|-enditem|p2a: Ursaluna|Room Service\n|-unboost|p2a: Ursaluna|spe|1|[from] item: Room Service\n|turn|6\n|\n|t:|1735742777\n|-terastallize|p1b: Hudson|Bug\n|move|p2a: Ursaluna|Earth Power|p1b: Hudson\n|-resisted|p1b: Hudson\n|-damage|p1b: Hudson|7/100\n|move|p1a: Incineroar|Close Combat|p2a: Ursaluna\n|-supereffective|p2a: Ursaluna\n|-damage|p2a: Ursaluna|44/100\n|-unboost|p1a: Incineroar|def|1\n|-unboost|p1a: Incineroar|spd|1\n|move|p1b: Hudson|Body Press|p2a: Ursaluna\n|-supereffective|p2a: Ursaluna\n|-damage|p2a: Ursaluna|0 fnt\n|faint|p2a: Ursaluna\n|\n|win|jurazza\n|raw|jurazza's rating: 1334 &rarr; <strong>1364</strong><br />(+30 for winning)\n|raw|nicolas rainier's rating: 1526 &rarr; <strong>1496</strong><br />(-30 for losing)\n|l|\u2606jurazza\n|player|p1|\n",
  "uploadtime": 1735743074,
  "views": 133,
  "formatid": "gen9vgc2024regh",
  "rating": 1364,
  "private": 0,
  "password": null
}