{
  "id": "gen9vgc2024regh-2273164294",
  "format": "[Gen 9] VGC 2024 Reg H",
  "players": [
    "nicolas rainier",
    "tvini25"
  ],
  "log": "|j|\u2606nicolas rainier\n|j|\u2606tvini25\n|t:|1735743412\n|gametype|doubles\n|player|p1|nicolas rainier|266|1519\n|player|p2|tvini25|170|1522\n|teamsize|p1|6\n|teamsize|p2|6\n|gen|9\n|tier|[Gen 9] VGC 2024 Reg H\n|rated|\n|rule|Species Clause: Limit one of each Pok\u00e9mon\n|rule|Item Clause: Limit 1 of each item\n|clearpoke\n|poke|p1|Farigiraf, L50, F|\n|poke|p1|Sinistcha-Masterpiece, L50|\n|poke|p1|Ursaluna-Bloodmoon, L50, M|\n|poke|p1|Incineroar, L50, F|\n|poke|p1|Gholdengo, L50|\n|poke|p1|Flamigo, L50, M|\n|poke|p2|Corviknight, L50, F|\n|poke|p2|Incineroar, L50, M|\n|poke|p2|Sinistcha, L50|\n|poke|p2|Annihilape, L50, M|\n|poke|p2|Ninetales-Alola, L50, M|\n|poke|p2|Hydreigon, L50, F|\n|teampreview|4\n|c|\u2606nicolas rainier|Bruh\n|c|\u2606nicolas rainier|You're not the same guy right ?\n|inactive|Battle timer is ON: inactive players will automatically lose when time's up. (requested by tvini25)\n|c|\u2606tvini25|i think i am lol\n|inactive|nicolas rainier has 60 seconds left.\n|c|\u2606tvini25|am i that horrible?\ntvini25 rejected open team sheets.\n|inactive|nicolas rainier has 30 seconds left.\n|\n|t:|1735743505\n|start\n|switch|p1a: Ursaluna|Ursaluna-Bloodmoon, L50, M|100/100\n|switch|p1b: Flamigo|Flamigo, L50, M, shiny|100/100\n|switch|p2a: Annihilape|Annihilape, L50, M|100/100\n|switch|p2b: Corviknight|Corviknight, L50, F|100/100\n|turn|1\n|\n|t:|1735743523\n|-terastallize|p1a: Ursaluna|Normal\n|move|p2a: Annihilape|Protect|p2a: Annihilape\n|-singleturn|p2a: Annihilape|Protect\n|move|p1b: Flamigo|Dual Wingbeat|p2a: Annihilape\n|-activate|p2a: Annihilape|move: Protect\n|move|p2b: Corviknight|Tailwind|p2b: Corviknight\n|-sidestart|p2: tvini25|move: Tailwind\n|move|p1a: Ursaluna|Blood Moon|p2b: Corviknight\n|-resisted|p2b: Corviknight\n|-damage|p2b: Corviknight|46/100\n|\n|upkeep\n|turn|2\n|\n|t:|1735743541\n|move|p1a: Ursaluna|Protect|p1a: Ursaluna\n|-singleturn|p1a: Ursaluna|Protect\n|move|p2a: Annihilape|Rage Fist|p1b: Flamigo\n|-damage|p1b: Flamigo|74/100\n|move|p2b: Corviknight|Brave Bird|p1b: Flamigo\n|-supereffective|p1b: Flamigo\n|-damage|p1b: Flamigo|0 fnt\n|faint|p1b: Flamigo\n|-damage|p2b: Corviknight|27/100|[from] Recoil\n|\n|upkeep\n|\n|t:|1735743552\n|switch|p1b: Farigiraf|Farigiraf, L50, F, shiny|100/100\n|turn|3\n|\n|t:|1735743571\n|move|p2a: Annihilape|Protect|p2a: Annihilape\n|-singleturn|p2a: Annihilape|Protect\n|move|p1b: Farigiraf|Protect|p1b: Farigiraf\n|-singleturn|p1b: Farigiraf|Protect\n|move|p2b: Corviknight|Taunt|p1b: Farigiraf\n|-activate|p1b: Farigiraf|move: Protect\n|move|p1a: Ursaluna|Blood Moon|p2a: Annihilape\n|-activate|p2a: Annihilape|move: Protect\n|\n|upkeep\n|turn|4\n|\n|t:|1735743593\n|switch|p2a: Hydreigon|Hydreigon, L50, F|100/100\n|switch|p1b: Incineroar|Incineroar, L50, F, shiny|100/100\n|-ability|p1b: Incineroar|Intimidate|boost\n|-unboost|p2a: Hydreigon|atk|1\n|-ability|p2b: Corviknight|Mirror Armor\n|-unboost|p1b: Incineroar|atk|1\n|move|p2b: Corviknight|Taunt|p1b: Incineroar\n|-start|p1b: Incineroar|move: Taunt\n|move|p1a: Ursaluna|Hyper Voice|p2b: Corviknight|[spread] p2a,p2b\n|-resisted|p2b: Corviknight\n|-damage|p2a: Hydreigon|60/100\n|-damage|p2b: Corviknight|3/100\n|\n|-sideend|p2: tvini25|move: Tailwind\n|upkeep\n|turn|5\n|inactive|nicolas rainier has 30 seconds left.\n|inactive|nicolas rainier has 20 seconds left.\n|inactive|tvini25 has 30 seconds left.\n|\n|t:|1735743630\n|move|p1a: Ursaluna|Protect|p1a: Ursaluna\n|-singleturn|p1a: Ursaluna|Protect\n|move|p2a: Hydreigon|Snarl|p1a: Ursaluna|[spread] p1b\n|-activate|p1a: Ursaluna|move: Protect\n|-resisted|p1b: Incineroar\n|-damage|p1b: Incineroar|96/100\n|-unboost|p1b: Incineroar|spa|1\n|move|p2b: Corviknight|Roost|p2b: Corviknight\n|-heal|p2b: Corviknight|53/100\n|-singleturn|p2b: Corviknight|move: Roost\n|move|p1b: Incineroar|U-turn|p2a: Hydreigon\n|-supereffective|p2a: Hydreigon\n|-damage|p2a: Hydreigon|33/100\n|\n|t:|1735743640\n|switch|p1b: Farigiraf|Farigiraf, L50, F, shiny|100/100|[from] U-turn\n|\n|upkeep\n|turn|6\n|inactive|nicolas rainier has 30 seconds left.\n|inactive|nicolas rainier has 20 seconds left.\n|inactive|nicolas rainier has 15 seconds left.\n|\n|t:|1735743680\n|move|p2a: Hydreigon|Snarl|p1b: Farigiraf|[spread] p1a,p1b\n|-supereffective|p1b: Farigiraf\n|-damage|p1a: Ursaluna|80/100\n|-damage|p1b: Farigiraf|66/100\n|-unboost|p1a: Ursaluna|spa|1\n|-unboost|p1b: Farigiraf|spa|1\n|move|p2b: Corviknight|Roost|p2b: Corviknight\n|-heal|p2b: Corviknight|100/100\n|-singleturn|p2b: Corviknight|move: Roost\n|move|p1b: Farigiraf|Hyper Voice|p2b: Corviknight|[spread] p2a,p2b\n|-resisted|p2b: Corviknight\n|-damage|p2a: Hydreigon|18/100\n|-damage|p2b: Corviknight|89/100\n|-enditem|p1b: Farigiraf|Throat Spray\n|-boost|p1b: Farigiraf|spa|1|[from] item: Throat Spray\n|move|p1a: Ursaluna|Blood Moon|p2b: Corviknight\n|-resisted|p2b: Corviknight\n|-damage|p2b: Corviknight|53/100\n|\n|upkeep\n|turn|7\n|inactive|tvini25 has 30 seconds left.\n|inactive|tvini25 has 20 seconds left.\n|\n|t:|1735743718\n|switch|p1a: Incineroar|Incineroar, L50, F, shiny|96/100\n|-ability|p1a: Incineroar|Intimidate|boost\n|-unboost|p2a: Hydreigon|atk|1\n|-ability|p2b: Corviknight|Mirror Armor\n|-unboost|p1a: Incineroar|atk|1\n|move|p1b: Farigiraf|Protect|p1b: Farigiraf\n|-singleturn|p1b: Farigiraf|Protect\n|move|p2a: Hydreigon|Dark Pulse|p1b: Farigiraf\n|-activate|p1b: Farigiraf|move: Protect\n|move|p2b: Corviknight|Brave Bird|p1a: Incineroar\n|-damage|p1a: Incineroar|46/100\n|-damage|p2b: Corviknight|37/100|[from] Recoil\n|\n|upkeep\n|turn|8\n|inactive|nicolas rainier has 30 seconds left.\n|inactive|nicolas rainier has 20 seconds left.\n|inactive|nicolas rainier has 15 seconds left.\n|\n|t:|1735743761\n|move|p1b: Farigiraf|Protect||[still]\n|-fail|p1b: Farigiraf\n|move|p2a: Hydreigon|Dark Pulse|p1b: Farigiraf\n|-supereffective|p1b: Farigiraf\n|-damage|p1b: Farigiraf|0 fnt\n|faint|p1b: Farigiraf\n|move|p2b: Corviknight|Taunt|p1a: Incineroar\n|-start|p1a: Incineroar|move: Taunt\n|move|p1a: Incineroar|Flare Blitz|p2b: Corviknight\n|-supereffective|p2b: Corviknight\n|-damage|p2b: Corviknight|0 fnt\n|faint|p2b: Corviknight\n|-damage|p1a: Incineroar|34/100|[from] Recoil\n|\n|upkeep\n|\n|t:|1735743775\n|switch|p2b: Incineroar|Incineroar, L50, M|100/100\n|switch|p1b: Ursaluna|Ursaluna-Bloodmoon, L50, M, tera:Normal|80/100\n|-ability|p2b: Incineroar|Intimidate|boost\n|-unboost|p1a: Incineroar|atk|1\n|-unboost|p1b: Ursaluna|atk|1\n|turn|9\n|\n|t:|1735743785\n|move|p1b: Ursaluna|Protect|p1b: Ursaluna\n|-singleturn|p1b: Ursaluna|Protect\n|move|p2b: Incineroar|Fake Out|p1b: Ursaluna\n|-activate|p1b: Ursaluna|move: Protect\n|move|p2a: Hydreigon|Earth Power|p1a: Incineroar\n|-supereffective|p1a: Incineroar\n|-crit|p1a: Incineroar\n|-damage|p1a: Incineroar|0 fnt\n|faint|p1a: Incineroar\n|\n|upkeep\n|turn|10\n|c|\u2606nicolas rainier|Gg\n|c|\u2606tvini25|GG\n|-message|nicolas rainier forfeited.\n|\n|win|tvini25\n|raw|nicolas rainier's rating: 1519 &rarr; <strong>1499</strong><br />(-20 for losing)\n|raw|tvini25's rating: 1522 &rarr; <strong>1542</strong><br />(+20 for winning)\n|l|\u2606tvini25\n|player|p2|\n",
  "uploadtime": 1735744043,
  "views": 123,
  "formatid": "gen9vgc2024regh",
  "rating": 1499,
  "private": 0,
  "password": null
}