{
  "id": "gen9vgc2024regh-2273226618",
  "format": "[Gen 9] VGC 2024 Reg H",
  "players": [
    "BishopDell",
    "big_lenny99"
  ],
  "log": "|j|\u2606BishopDell\n|j|\u2606big_lenny99\n|t:|1735752758\n|gametype|doubles\n|player|p1|BishopDell|veteran|1158\n|player|p2|big_lenny99|nate|1154\n|teamsize|p1|6\n|teamsize|p2|6\n|gen|9\n|tier|[Gen 9] VGC 2024 Reg H\n|rated|\n|rule|Species Clause: Limit one of each Pok\u00e9mon\n|rule|Item Clause: Limit 1 of each item\n|clearpoke\n|poke|p1|Snorlax, L50, F|\n|poke|p1|Gholdengo, L50|\n|poke|p1|Comfey, L50, M|\n|poke|p1|Slowbro, L50, F|\n|poke|p1|Incineroar, L50, F|\n|poke|p1|Dragonite, L50, M|\n|poke|p2|Whimsicott, L50, F|\n|poke|p2|Azumarill, L50, M|\n|poke|p2|Raichu, L50, M|\n|poke|p2|Chandelure, L50, F|\n|poke|p2|Amoonguss, L50, M|\n|poke|p2|Scrafty, L50, M|\n|teampreview|4\n|inactive|Battle timer is ON: inactive players will automatically lose when time's up. (requested by BishopDell)\n|inactive|BishopDell has 60 seconds left.\n|inactive|BishopDell has 30 seconds left.\n|\n|t:|1735752821\n|start\n|switch|p1a: Snorlax|Snorlax, L50, F|100/100\n|switch|p1b: Slowbro|Slowbro, L50, F|100/100\n|switch|p2a: Whimsicott|Whimsicott, L50, F|100/100\n|switch|p2b: Scrafty|Scrafty, L50, M|100/100\n|-ability|p2b: Scrafty|Intimidate|boost\n|-unboost|p1a: Snorlax|atk|1\n|-fail|p1b: Slowbro|unboost|Attack|[from] ability: Own Tempo|[of] p1b: Slowbro\n|turn|1\n|\n|t:|1735752844\n|-terastallize|p1a: Snorlax|Ground\n|move|p2a: Whimsicott|Moonblast|p1b: Slowbro\n|-damage|p1b: Slowbro|68/100\n|move|p2b: Scrafty|Knock Off|p1b: Slowbro\n|-supereffective|p1b: Slowbro\n|-damage|p1b: Slowbro|0 fnt\n|-enditem|p1b: Slowbro|Covert Cloak|[from] move: Knock Off|[of] p2b: Scrafty\n|faint|p1b: Slowbro\n|move|p1a: Snorlax|Belly Drum|p1a: Snorlax\n|-damage|p1a: Snorlax|51/100\n|-setboost|p1a: Snorlax|atk|6|[from] move: Belly Drum\n|\n|upkeep\n|\n|t:|1735752850\n|switch|p1b: Incineroar|Incineroar, L50, F|100/100\n|-ability|p1b: Incineroar|Intimidate|boost\n|-unboost|p2a: Whimsicott|atk|1\n|-fail|p2b: Scrafty|unboost|[from] item: Clear Amulet|[of] p2b: Scrafty\n|turn|2\n|\n|t:|1735752868\n|switch|p1b: Dragonite|Dragonite, L50, M|100/100\n|switch|p2b: Chandelure|Chandelure, L50, F|100/100\n|move|p2a: Whimsicott|Tailwind|p2a: Whimsicott\n|-sidestart|p2: big_lenny99|move: Tailwind\n|move|p1a: Snorlax|Earthquake|p2b: Chandelure|[spread] p2a,p2b\n|-immune|p1b: Dragonite\n|-resisted|p2a: Whimsicott\n|-supereffective|p2b: Chandelure\n|-damage|p2a: Whimsicott|0 fnt\n|-damage|p2b: Chandelure|0 fnt\n|faint|p2a: Whimsicott\n|faint|p2b: Chandelure\n|\n|upkeep\n|\n|t:|1735752874\n|switch|p2a: Scrafty|Scrafty, L50, M|100/100\n|switch|p2b: Azumarill|Azumarill, L50, M|100/100\n|-ability|p2a: Scrafty|Intimidate|boost\n|-unboost|p1a: Snorlax|atk|1\n|-fail|p1b: Dragonite|unboost|Attack|[from] ability: Inner Focus|[of] p1b: Dragonite\n|turn|3\n|\n|t:|1735752899\n|move|p1b: Dragonite|Extreme Speed|p2b: Azumarill\n|-damage|p2b: Azumarill|55/100\n|move|p2a: Scrafty|Knock Off|p1a: Snorlax\n|-damage|p1a: Snorlax|21/100\n|-enditem|p1a: Snorlax|Sitrus Berry|[from] move: Knock Off|[of] p2a: Scrafty\n|move|p2b: Azumarill|Ice Punch|p1a: Snorlax\n|-supereffective|p1a: Snorlax\n|-crit|p1a: Snorlax\n|-damage|p1a: Snorlax|0 fnt\n|faint|p1a: Snorlax\n|\n|upkeep\n|\n|t:|1735752908\n|switch|p1a: Incineroar|Incineroar, L50, F|100/100\n|-ability|p1a: Incineroar|Intimidate|boost\n|-fail|p2a: Scrafty|unboost|[from] item: Clear Amulet|[of] p2a: Scrafty\n|-unboost|p2b: Azumarill|atk|1\n|turn|4\n|\n|t:|1735752916\n|move|p1a: Incineroar|Fake Out|p2a: Scrafty\n|-damage|p2a: Scrafty|89/100\n|move|p1b: Dragonite|Extreme Speed|p2b: Azumarill\n|-damage|p2b: Azumarill|9/100\n|-enditem|p2b: Azumarill|Sitrus Berry|[eat]\n|-heal|p2b: Azumarill|33/100|[from] item: Sitrus Berry\n|cant|p2a: Scrafty|flinch\n|move|p2b: Azumarill|Ice Punch|p1b: Dragonite\n|-supereffective|p1b: Dragonite\n|-damage|p1b: Dragonite|5/100\n|\n|upkeep\n|turn|5\n|\n|t:|1735752934\n|move|p1b: Dragonite|Extreme Speed|p2b: Azumarill\n|-damage|p2b: Azumarill|0 fnt\n|faint|p2b: Azumarill\n|move|p2a: Scrafty|Knock Off|p1a: Incineroar\n|-resisted|p1a: Incineroar\n|-damage|p1a: Incineroar|85/100\n|-enditem|p1a: Incineroar|Assault Vest|[from] move: Knock Off|[of] p2a: Scrafty\n|move|p1a: Incineroar|Knock Off|p2a: Scrafty\n|-resisted|p2a: Scrafty\n|-damage|p2a: Scrafty|80/100\n|-enditem|p2a: Scrafty|Clear Amulet|[from] move: Knock Off|[of] p1a: Incineroar\n|\n|-sideend|p2: big_lenny99|move: Tailwind\n|upkeep\n|turn|6\n|\n|t:|1735752953\n|move|p1b: Dragonite|Extreme Speed|p2a: Scrafty\n|-crit|p2a: Scrafty\n|-damage|p2a: Scrafty|21/100\n|move|p1a: Incineroar|Parting Shot|p2a: Scrafty\n|-unboost|p2a: Scrafty|atk|1\n|-unboost|p2a: Scrafty|spa|1\n|move|p2a: Scrafty|Drain Punch|p1b: Dragonite\n|-resisted|p1b: Dragonite\n|-damage|p1b: Dragonite|0 fnt\n|-heal|p2a: Scrafty|24/100|[from] drain|[of] p1b: Dragonite\n|faint|p1b: Dragonite\n|\n|upkeep\n|turn|7\n|\n|t:|1735752963\n|move|p1a: Incineroar|Flare Blitz|p2a: Scrafty\n|-damage|p2a: Scrafty|0 fnt\n|faint|p2a: Scrafty\n|-damage|p1a: Incineroar|79/100|[from] Recoil\n|\n|win|BishopDell\n|raw|BishopDell's rating: 1158 &rarr; <strong>1183</strong><br />(+25 for winning)\n|raw|big_lenny99's rating: 1154 &rarr; <strong>1129</strong><br />(-25 for losing)\n|l|\u2606big_lenny99\n|player|p2|\n|l|\u2606BishopDell\n|player|p1|\n",
  "uploadtime": 1735753317,
  "views": 330,
  "formatid": "gen9vgc2024regh",
  "rating": 1129,
  "private": 0,
  "password": null
}