{
  "id": "gen9vgc2024regh-2273118957",
  "format": "[Gen 9] VGC 2024 Reg H",
  "players": [
    "AragiTimoshi",
    "ryuu13g"
  ],
  "log": "|j|\u2606AragiTimoshi\n|j|\u2606ryuu13g\n|t:|1735734502\n|gametype|doubles\n|player|p1|AragiTimoshi|riley|1407\n|player|p2|ryuu13g|riley|1302\n|teamsize|p1|6\n|teamsize|p2|6\n|gen|9\n|tier|[Gen 9] VGC 2024 Reg H\n|rated|\n|rule|Species Clause: Limit one of each Pok\u00e9mon\n|rule|Item Clause: Limit 1 of each item\n|clearpoke\n|poke|p1|Ursaluna, L50, M|\n|poke|p1|Chandelure, L50, M|\n|poke|p1|Electrode-Hisui, L50|\n|poke|p1|Kingambit, L50, M|\n|poke|p1|Vivillon-Marine, L50, F|\n|poke|p1|Gastrodon-East, L50, M|\n|poke|p2|Tyranitar, L50, M|\n|poke|p2|Excadrill, L50, F|\n|poke|p2|Gholdengo, L50|\n|poke|p2|Sneasler, L50, F|\n|poke|p2|Talonflame, L50, F|\n|poke|p2|Rillaboom, L50, M|\n|teampreview|4\n|\n|t:|1735734531\n|start\n|switch|p1a: Bellum|Electrode-Hisui, L50|100/100\n|switch|p1b: Flare|Chandelure, L50, M|100/100\n|switch|p2a: rizzler|Sneasler, L50, F|100/100\n|switch|p2b: security|Talonflame, L50, F|100/100\n|turn|1\n|inactive|Battle timer is ON: inactive players will automatically lose when time's up. (requested by AragiTimoshi)\n|\n|t:|1735734547\n|-terastallize|p2a: rizzler|Dark\n|move|p2b: security|Tailwind|p2b: security\n|-sidestart|p2: ryuu13g|move: Tailwind\n|move|p2a: rizzler|Throat Chop|p1b: Flare\n|-supereffective|p1b: Flare\n|-damage|p1b: Flare|6/100\n|-start|p1b: Flare|Throat Chop|[silent]\n|move|p1a: Bellum|Volt Switch|p2b: security\n|-supereffective|p2b: security\n|-crit|p2b: security\n|-damage|p2b: security|0 fnt\n|faint|p2b: security\n|-damage|p1a: Bellum|91/100|[from] item: Life Orb\n|\n|t:|1735734560\n|switch|p1a: Terrence|Ursaluna, L50, M|100/100|[from] Volt Switch\n|move|p1b: Flare|Trick Room|p1b: Flare\n|-fieldstart|move: Trick Room|[of] p1b: Flare\n|\n|-status|p1a: Terrence|brn|[from] item: Flame Orb\n|upkeep\n|\n|t:|1735734568\n|switch|p2b: chunky boi|Tyranitar, L50, M|100/100\n|-weather|Sandstorm|[from] ability: Sand Stream|[of] p2b: chunky boi\n|turn|2\n|\n|t:|1735734594\n|switch|p1b: Bellum|Electrode-Hisui, L50|91/100\n|move|p1a: Terrence|Facade|p2a: rizzler\n|-damage|p2a: rizzler|0 fnt\n|faint|p2a: rizzler\n|move|p2b: chunky boi|Low Kick|p1a: Terrence\n|-supereffective|p1a: Terrence\n|-damage|p1a: Terrence|29/100 brn\n|\n|-weather|Sandstorm|[upkeep]\n|-damage|p1b: Bellum|85/100|[from] Sandstorm\n|-damage|p1a: Terrence|23/100 brn|[from] brn\n|upkeep\n|\n|t:|1735734603\n|switch|p2a: mole|Excadrill, L50, F|100/100\n|turn|3\n|\n|t:|1735734625\n|move|p2a: mole|Protect|p2a: mole\n|-singleturn|p2a: mole|Protect\n|move|p1a: Terrence|Headlong Rush|p2a: mole\n|-activate|p2a: mole|move: Protect\n|move|p2b: chunky boi|Low Kick|p1a: Terrence\n|-supereffective|p1a: Terrence\n|-damage|p1a: Terrence|0 fnt\n|faint|p1a: Terrence\n|move|p1b: Bellum|Chloroblast|p2a: mole\n|-activate|p2a: mole|move: Protect\n|\n|-weather|Sandstorm|[upkeep]\n|-damage|p1b: Bellum|79/100|[from] Sandstorm\n|upkeep\n|\n|t:|1735734628\n|switch|p1a: Vivi|Vivillon-Marine, L50, F|100/100\n|turn|4\n|\n|t:|1735734653\n|-terastallize|p1a: Vivi|Ground\n|move|p1a: Vivi|Sleep Powder|p2b: chunky boi\n|-status|p2b: chunky boi|slp|[from] move: Sleep Powder\n|cant|p2b: chunky boi|slp\n|move|p1b: Bellum|Chloroblast|p2a: mole\n|-damage|p2a: mole|2/100\n|-damage|p1b: Bellum|29/100|[from] Recoil\n|-damage|p1b: Bellum|19/100|[from] item: Life Orb\n|move|p2a: mole|Iron Head|p1a: Vivi\n|-damage|p1a: Vivi|11/100\n|\n|-weather|Sandstorm|[upkeep]\n|-damage|p1b: Bellum|13/100|[from] Sandstorm\n|-sideend|p2: ryuu13g|move: Tailwind\n|upkeep\n|turn|5\n|inactive|AragiTimoshi has 30 seconds left.\n|\n|t:|1735734687\n|move|p2a: mole|Protect|p2a: mole\n|-singleturn|p2a: mole|Protect\n|cant|p2b: chunky boi|slp\n|move|p1a: Vivi|Hurricane|p2a: mole\n|-activate|p2a: mole|move: Protect\n|move|p1b: Bellum|Electroweb|p2b: chunky boi|[spread] \n|-activate|p2a: mole|move: Protect\n|-miss|p1b: Bellum|p2b: chunky boi\n|\n|-weather|Sandstorm|[upkeep]\n|-damage|p1b: Bellum|7/100|[from] Sandstorm\n|-fieldend|move: Trick Room\n|upkeep\n|turn|6\n|inactive|AragiTimoshi has 30 seconds left.\n|\n|t:|1735734713\n|move|p2a: mole|Earthquake|p1a: Vivi|[spread] p2b,p1a,p1b\n|-supereffective|p2b: chunky boi\n|-damage|p2b: chunky boi|32/100 slp\n|-damage|p1a: Vivi|0 fnt\n|-damage|p1b: Bellum|0 fnt\n|faint|p1a: Vivi\n|faint|p1b: Bellum\n|-curestatus|p2b: chunky boi|slp|[msg]\n|move|p2b: chunky boi|Rock Slide|p1: Vivi|[notarget]\n|-fail|p2b: chunky boi\n|\n|-weather|none\n|upkeep\n|\n|t:|1735734722\n|switch|p1b: Flare|Chandelure, L50, M|6/100\n|turn|7\n|\n|t:|1735734728\n|move|p2a: mole|Iron Head|p1b: Flare\n|-resisted|p1b: Flare\n|-damage|p1b: Flare|0 fnt\n|faint|p1b: Flare\n|\n|win|ryuu13g\n|raw|AragiTimoshi's rating: 1407 &rarr; <strong>1381</strong><br />(-26 for losing)\n|raw|ryuu13g's rating: 1302 &rarr; <strong>1328</strong><br />(+26 for winning)\n|l|\u2606AragiTimoshi\n|player|p1|\n|c|\u2606ryuu13g|gg\n|j| VYNCHIOC\n|c| VYNCHIOC|Hello\n|l|\u2606ryuu13g\n|player|p2|\n|l| VYNCHIOC\n",
  "uploadtime": 1735735033,
  "views": 28,
  "formatid": "gen9vgc2024regh",
  "rating": 1328,
  "private": 0,
  "password": null
}