{
  "id": "gen9vgc2024regh-2273139685",
  "format": "[Gen 9] VGC 2024 Reg H",
  "players": [
    "thepettolo1",
    "nbx38"
  ],
  "log": "|j|\u2606thepettolo1\n|j|\u2606nbx38\n|t:|1735738920\n|gametype|doubles\n|player|p1|thepettolo1|gentleman|1088\n|player|p2|nbx38|red|1123\n|teamsize|p1|6\n|teamsize|p2|6\n|gen|9\n|tier|[Gen 9] VGC 2024 Reg H\n|rated|\n|rule|Species Clause: Limit one of each Pok\u00e9mon\n|rule|Item Clause: Limit 1 of each item\n|clearpoke\n|poke|p1|Hatterene, L50, F|\n|poke|p1|Grimmsnarl, L50, M|\n|poke|p1|Coalossal, L50, M|\n|poke|p1|Ursaluna-Bloodmoon, L50, M|\n|poke|p1|Vikavolt, L50, M|\n|poke|p1|Rillaboom, L50, M|\n|poke|p2|Kommo-o, L50, F|\n|poke|p2|Incineroar, L50, M|\n|poke|p2|Annihilape, L50, M|\n|poke|p2|Sinistcha, L50|\n|poke|p2|Maushold, L50|\n|poke|p2|Torterra, L50, M|\n|teampreview|4\nnbx38 rejected open team sheets.\n|\n|t:|1735738936\n|start\n|switch|p1a: Belumat|Grimmsnarl, L50, M, shiny|100/100\n|switch|p1b: Pink Lady|Hatterene, L50, F, shiny|100/100\n|switch|p2a: Annihilape|Annihilape, L50, M|100/100\n|switch|p2b: Maushold|Maushold, L50|100/100\n|turn|1\n|\n|t:|1735738956\n|move|p2b: Maushold|Helping Hand|p2a: Annihilape\n|-singleturn|p2a: Annihilape|Helping Hand|[of] p2b: Maushold\n|move|p1a: Belumat|Fake Out|p2b: Maushold\n|-damage|p2b: Maushold|80/100\n|move|p2a: Annihilape|Poison Jab|p1b: Pink Lady\n|-supereffective|p1b: Pink Lady\n|-damage|p1b: Pink Lady|10/100\n|move|p1b: Pink Lady|Trick Room|p1b: Pink Lady\n|-fieldstart|move: Trick Room|[of] p1b: Pink Lady\n|\n|upkeep\n|turn|2\n|\n|t:|1735738987\n|move|p2b: Maushold|Helping Hand|p2a: Annihilape\n|-singleturn|p2a: Annihilape|Helping Hand|[of] p2b: Maushold\n|move|p1b: Pink Lady|Dazzling Gleam|p2b: Maushold|[spread] p2a,p2b\n|-supereffective|p2a: Annihilape\n|-damage|p2a: Annihilape|29/100\n|-damage|p2b: Maushold|10/100\n|-damage|p1b: Pink Lady|0 fnt|[from] item: Life Orb\n|faint|p1b: Pink Lady\n|move|p1a: Belumat|Spirit Break|p2a: Annihilape\n|-supereffective|p2a: Annihilape\n|-damage|p2a: Annihilape|0 fnt\n|faint|p2a: Annihilape\n|\n|upkeep\n|\n|t:|1735739000\n|switch|p1b: The Rock|Coalossal, L50, M, shiny|100/100\n|switch|p2a: Kommo-o|Kommo-o, L50, F|100/100\n|turn|3\n|\n|t:|1735739013\n|-terastallize|p1b: The Rock|Grass\n|-terastallize|p2a: Kommo-o|Fire\n|move|p2b: Maushold|Helping Hand|p2a: Kommo-o\n|-singleturn|p2a: Kommo-o|Helping Hand|[of] p2b: Maushold\n|move|p1b: The Rock|Meteor Beam||[still]\n|-prepare|p1b: The Rock|Meteor Beam\n|-boost|p1b: The Rock|spa|1\n|-enditem|p1b: The Rock|Power Herb\n|-anim|p1b: The Rock|Meteor Beam|p2b: Maushold\n|-damage|p2b: Maushold|0 fnt\n|faint|p2b: Maushold\n|move|p1a: Belumat|Spirit Break|p2a: Kommo-o\n|-resisted|p2a: Kommo-o\n|-damage|p2a: Kommo-o|86/100\n|-unboost|p2a: Kommo-o|spa|1\n|move|p2a: Kommo-o|Clangorous Soul|p2a: Kommo-o\n|-boost|p2a: Kommo-o|atk|1\n|-boost|p2a: Kommo-o|def|1\n|-boost|p2a: Kommo-o|spa|1\n|-boost|p2a: Kommo-o|spd|1\n|-boost|p2a: Kommo-o|spe|1\n|-damage|p2a: Kommo-o|54/100\n|-enditem|p2a: Kommo-o|Throat Spray\n|-boost|p2a: Kommo-o|spa|1|[from] item: Throat Spray\n|\n|upkeep\n|\n|t:|1735739024\n|switch|p2b: Sinistcha|Sinistcha, L50|100/100\n|-heal|p2a: Kommo-o|78/100|[from] ability: Hospitality|[of] p2b: Sinistcha\n|turn|4\n|\n|t:|1735739035\n|move|p1b: The Rock|Power Gem|p2a: Kommo-o\n|-supereffective|p2a: Kommo-o\n|-damage|p2a: Kommo-o|2/100\n|move|p1a: Belumat|Spirit Break|p2b: Sinistcha\n|-damage|p2b: Sinistcha|57/100\n|-unboost|p2b: Sinistcha|spa|1\n|move|p2b: Sinistcha|Psych Up|p2a: Kommo-o\n|-copyboost|p2b: Sinistcha|p2a: Kommo-o|[from] move: Psych Up\n|move|p2a: Kommo-o|Clanging Scales|p1b: The Rock|[spread] p1b\n|-immune|p1a: Belumat\n|-damage|p1b: The Rock|58/100\n|-unboost|p2a: Kommo-o|def|1\n|\n|upkeep\n|turn|5\n|\n|t:|1735739061\n|move|p2b: Sinistcha|Rage Powder|p2b: Sinistcha\n|-singleturn|p2b: Sinistcha|move: Rage Powder\n|move|p1b: The Rock|Heat Wave|p2a: Kommo-o|[spread] p2a,p2b\n|-resisted|p2a: Kommo-o\n|-supereffective|p2b: Sinistcha\n|-damage|p2a: Kommo-o|0 fnt\n|-damage|p2b: Sinistcha|0 fnt\n|faint|p2a: Kommo-o\n|faint|p2b: Sinistcha\n|\n|win|thepettolo1\n|raw|thepettolo1's rating: 1088 &rarr; <strong>1117</strong><br />(+29 for winning)\n|raw|nbx38's rating: 1123 &rarr; <strong>1095</strong><br />(-28 for losing)\n|l|\u2606nbx38\n|player|p2|\n|l|\u2606thepettolo1\n|player|p1|\n",
  "uploadtime": 1735739612,
  "views": 12,
  "formatid": "gen9vgc2024regh",
  "rating": 1095,
  "private": 0,
  "password": null
}