{
  "id": "gen9vgc2024regh-2273223830",
  "format": "[Gen 9] VGC 2024 Reg H",
  "players": [
    "Gnarmander705",
    "Mikisalda91"
  ],
  "log": "|j|\u2606Gnarmander705\n|j|\u2606Mikisalda91\n|t:|1735752363\n|gametype|doubles\n|player|p1|Gnarmander705|shadowtriad|1466\n|player|p2|Mikisalda91|2|1384\n|teamsize|p1|6\n|teamsize|p2|6\n|gen|9\n|tier|[Gen 9] VGC 2024 Reg H\n|rated|\n|rule|Species Clause: Limit one of each Pok\u00e9mon\n|rule|Item Clause: Limit 1 of each item\n|clearpoke\n|poke|p1|Indeedee-F, L50, F|\n|poke|p1|Armarouge, L50, F|\n|poke|p1|Torkoal, L50, F|\n|poke|p1|Ursaluna-Bloodmoon, L50, M|\n|poke|p1|Gholdengo, L50|\n|poke|p1|Amoonguss, L50, M|\n|poke|p2|Poliwrath, L50, F|\n|poke|p2|Clefairy, L50, F|\n|poke|p2|Pelipper, L50, M|\n|poke|p2|Houndoom, L50, M|\n|poke|p2|Froslass, L50, F|\n|poke|p2|Archaludon, L50, M|\n|teampreview|4\n|\n|t:|1735752382\n|start\n|switch|p1a: Indeedee|Indeedee-F, L50, F, shiny|100/100\n|switch|p1b: Armarouge|Armarouge, L50, F|100/100\n|switch|p2a: Houndoom|Houndoom, L50, M|100/100\n|switch|p2b: Archaludon|Archaludon, L50, M|100/100\n|-fieldstart|move: Psychic Terrain|[from] ability: Psychic Surge|[of] p1a: Indeedee\n|turn|1\n|\n|t:|1735752405\n|move|p1a: Indeedee|Follow Me|p1a: Indeedee\n|-singleturn|p1a: Indeedee|move: Follow Me\n|move|p2a: Houndoom|Snarl|p1b: Armarouge|[spread] p1a,p1b\n|-supereffective|p1a: Indeedee\n|-supereffective|p1b: Armarouge\n|-damage|p1a: Indeedee|60/100\n|-damage|p1b: Armarouge|54/100\n|-unboost|p1a: Indeedee|spa|1\n|-unboost|p1b: Armarouge|spa|1\n|move|p2b: Archaludon|Electro Shot||[still]\n|-prepare|p2b: Archaludon|Electro Shot\n|-boost|p2b: Archaludon|spa|1\n|-enditem|p2b: Archaludon|Power Herb\n|-anim|p2b: Archaludon|Electro Shot|p1b: Armarouge\n|-damage|p1b: Armarouge|0 fnt\n|faint|p1b: Armarouge\n|\n|upkeep\n|\n|t:|1735752410\n|switch|p1b: Ursaluna|Ursaluna-Bloodmoon, L50, M|100/100\n|turn|2\n|\n|t:|1735752423\n|-terastallize|p1a: Indeedee|Fairy\n|move|p1b: Ursaluna|Protect|p1b: Ursaluna\n|-singleturn|p1b: Ursaluna|Protect\n|move|p2a: Houndoom|Snarl|p1a: Indeedee|[spread] p1a\n|-activate|p1b: Ursaluna|move: Protect\n|-resisted|p1a: Indeedee\n|-damage|p1a: Indeedee|50/100\n|-unboost|p1a: Indeedee|spa|1\n|move|p2b: Archaludon|Dragon Pulse|p1b: Ursaluna\n|-activate|p1b: Ursaluna|move: Protect\n|move|p1a: Indeedee|Trick Room|p1a: Indeedee\n|-fieldstart|move: Trick Room|[of] p1a: Indeedee\n|\n|upkeep\n|turn|3\n|l|\u2606Mikisalda91\n|player|p2|\n|j|\u2606Mikisalda91\n|player|p2|Mikisalda91|2|\n|\n|t:|1735752468\n|switch|p2b: Pelipper|Pelipper, L50, M|100/100\n|-weather|RainDance|[from] ability: Drizzle|[of] p2b: Pelipper\n|move|p1a: Indeedee|Follow Me|p1a: Indeedee\n|-singleturn|p1a: Indeedee|move: Follow Me\n|move|p1b: Ursaluna|Hyper Voice|p2a: Houndoom|[spread] p2a,p2b\n|-damage|p2a: Houndoom|44/100\n|-damage|p2b: Pelipper|35/100\n|-enditem|p1b: Ursaluna|Throat Spray\n|-boost|p1b: Ursaluna|spa|1|[from] item: Throat Spray\n|move|p2a: Houndoom|Snarl|p1b: Ursaluna|[spread] p1a,p1b\n|-resisted|p1a: Indeedee\n|-damage|p1a: Indeedee|40/100\n|-damage|p1b: Ursaluna|81/100\n|-unboost|p1a: Indeedee|spa|1\n|-unboost|p1b: Ursaluna|spa|1\n|\n|-weather|RainDance|[upkeep]\n|upkeep\n|turn|4\n|\n|t:|1735752501\n|switch|p1b: Torkoal|Torkoal, L50, F|100/100\n|-weather|SunnyDay|[from] ability: Drought|[of] p1b: Torkoal\n|move|p2b: Pelipper|Protect|p2b: Pelipper\n|-singleturn|p2b: Pelipper|Protect\n|move|p2a: Houndoom|Protect|p2a: Houndoom\n|-singleturn|p2a: Houndoom|Protect\n|move|p1a: Indeedee|Follow Me|p1a: Indeedee\n|-singleturn|p1a: Indeedee|move: Follow Me\n|\n|-weather|SunnyDay|[upkeep]\n|upkeep\n|turn|5\n|\n|t:|1735752522\n|switch|p2b: Poliwrath|Poliwrath, L50, F|100/100\n|move|p1a: Indeedee|Follow Me|p1a: Indeedee\n|-singleturn|p1a: Indeedee|move: Follow Me\n|move|p1b: Torkoal|Body Press|p2a: Houndoom\n|-supereffective|p2a: Houndoom\n|-damage|p2a: Houndoom|0 fnt\n|faint|p2a: Houndoom\n|\n|-weather|SunnyDay|[upkeep]\n|-fieldend|move: Psychic Terrain\n|upkeep\n|\n|t:|1735752534\n|switch|p2a: Pelipper|Pelipper, L50, M|35/100\n|-weather|RainDance|[from] ability: Drizzle|[of] p2a: Pelipper\n|turn|6\n|\n|t:|1735752549\n|switch|p1b: Ursaluna|Ursaluna-Bloodmoon, L50, M|81/100\n|-terastallize|p2b: Poliwrath|Dragon\n|move|p1a: Indeedee|Dazzling Gleam|p2b: Poliwrath|[spread] p2a,p2b\n|-supereffective|p2b: Poliwrath\n|-damage|p2a: Pelipper|20/100\n|-damage|p2b: Poliwrath|83/100\n|move|p2a: Pelipper|Weather Ball|p1a: Indeedee\n|-damage|p1a: Indeedee|0 fnt\n|faint|p1a: Indeedee\n|move|p2b: Poliwrath|Belly Drum|p2b: Poliwrath\n|-damage|p2b: Poliwrath|33/100\n|-setboost|p2b: Poliwrath|atk|6|[from] move: Belly Drum\n|\n|-weather|RainDance|[upkeep]\n|-fieldend|move: Trick Room\n|upkeep\n|\n|t:|1735752551\n|switch|p1a: Torkoal|Torkoal, L50, F|100/100\n|-weather|SunnyDay|[from] ability: Drought|[of] p1a: Torkoal\n|turn|7\n|\n|t:|1735752573\n|switch|p2a: Archaludon|Archaludon, L50, M|100/100\n|move|p2b: Poliwrath|Protect|p2b: Poliwrath\n|-singleturn|p2b: Poliwrath|Protect\n|move|p1b: Ursaluna|Hyper Voice|p2a: Archaludon|[spread] p2a\n|-activate|p2b: Poliwrath|move: Protect\n|-resisted|p2a: Archaludon\n|-damage|p2a: Archaludon|76/100\n|move|p1a: Torkoal|Heat Wave|p2a: Archaludon|[spread] p2a\n|-activate|p2b: Poliwrath|move: Protect\n|-damage|p2a: Archaludon|19/100\n|\n|-weather|SunnyDay|[upkeep]\n|upkeep\n|turn|8\n|\n|t:|1735752590\n|switch|p2a: Pelipper|Pelipper, L50, M|20/100\n|-weather|RainDance|[from] ability: Drizzle|[of] p2a: Pelipper\n|move|p2b: Poliwrath|Drain Punch|p1b: Ursaluna\n|-supereffective|p1b: Ursaluna\n|-damage|p1b: Ursaluna|0 fnt\n|-heal|p2b: Poliwrath|82/100|[from] drain|[of] p1b: Ursaluna\n|faint|p1b: Ursaluna\n|move|p1a: Torkoal|Body Press|p2a: Pelipper\n|-resisted|p2a: Pelipper\n|-damage|p2a: Pelipper|3/100\n|\n|-weather|RainDance|[upkeep]\n|upkeep\n|turn|9\n|\n|t:|1735752606\n|move|p2b: Poliwrath|Drain Punch|p1a: Torkoal\n|-damage|p1a: Torkoal|0 fnt\n|-heal|p2b: Poliwrath|100/100|[from] drain|[of] p1a: Torkoal\n|faint|p1a: Torkoal\n|\n|win|Mikisalda91\n|raw|Gnarmander705's rating: 1488 &rarr; <strong>1462</strong><br />(-26 for losing)\n|raw|Mikisalda91's rating: 1384 &rarr; <strong>1410</strong><br />(+26 for winning)\n|l|\u2606Gnarmander705\n|player|p1|\n",
  "uploadtime": 1735752902,
  "views": 338,
  "formatid": "gen9vgc2024regh",
  "rating": 1410,
  "private": 0,
  "password": null
}