{
  "id": "gen9vgc2024regh-2273192648",
  "format": "[Gen 9] VGC 2024 Reg H",
  "players": [
    "bkks",
    "lamebagels"
  ],
  "log": "|j|\u2606bkks\n|j|\u2606lamebagels\n|t:|1735747925\n|gametype|doubles\n|player|p1|bkks|pokemaniac|1404\n|player|p2|lamebagels|102|1372\n|teamsize|p1|6\n|teamsize|p2|6\n|gen|9\n|tier|[Gen 9] VGC 2024 Reg H\n|rated|\n|rule|Species Clause: Limit one of each Pok\u00e9mon\n|rule|Item Clause: Limit 1 of each item\n|clearpoke\n|poke|p1|Gholdengo, L50|\n|poke|p1|Rillaboom, L50, F|\n|poke|p1|Incineroar, L50, M|\n|poke|p1|Ninetales-Alola, L50, F|\n|poke|p1|Primarina, L50, F|\n|poke|p1|Talonflame, L50, M|\n|poke|p2|Vivillon-Pokeball, L50, F|\n|poke|p2|Vaporeon, L50, M|\n|poke|p2|Tauros-Paldea-Blaze, L50, M|\n|poke|p2|Dragalge, L50, F|\n|poke|p2|Braviary-Hisui, L50, M|\n|poke|p2|Hatterene, L50, F|\n|teampreview|4\n|\n|t:|1735747957\n|start\n|switch|p1a: Incineroar|Incineroar, L50, M|100/100\n|switch|p1b: Gholdengo|Gholdengo, L50|100/100\n|switch|p2a: DelToro|Tauros-Paldea-Blaze, L50, M, shiny|100/100\n|switch|p2b: Lepidoptera|Vivillon-Pokeball, L50, F|100/100\n|-ability|p2a: DelToro|Intimidate|boost\n|-unboost|p1a: Incineroar|atk|1\n|-unboost|p1b: Gholdengo|atk|1\n|-ability|p1a: Incineroar|Intimidate|boost\n|-unboost|p2a: DelToro|atk|1\n|-unboost|p2b: Lepidoptera|atk|1\n|turn|1\n|\n|t:|1735747969\n|-terastallize|p2a: DelToro|Stellar\n|move|p1a: Incineroar|Fake Out|p2a: DelToro\n|-damage|p2a: DelToro|92/100\n|move|p2a: DelToro|Raging Bull|p1b: Gholdengo\n|-supereffective|p1b: Gholdengo\n|-damage|p1b: Gholdengo|26/100\n|move|p2b: Lepidoptera|Sleep Powder|p1a: Incineroar\n|-status|p1a: Incineroar|slp|[from] move: Sleep Powder\n|move|p1b: Gholdengo|Nasty Plot|p1b: Gholdengo\n|-boost|p1b: Gholdengo|spa|2\n|\n|-heal|p1b: Gholdengo|32/100|[from] item: Leftovers\n|upkeep\n|turn|2\n|\n|t:|1735747993\n|switch|p2b: Abysu|Vaporeon, L50, M|100/100\n|switch|p1a: Rillaboom|Rillaboom, L50, F|100/100\n|-fieldstart|move: Grassy Terrain|[from] ability: Grassy Surge|[of] p1a: Rillaboom\n|move|p2a: DelToro|Protect|p2a: DelToro\n|-singleturn|p2a: DelToro|Protect\n|move|p1b: Gholdengo|Protect||[still]\n|-fail|p1b: Gholdengo\n|\n|-heal|p2a: DelToro|98/100|[from] Grassy Terrain\n|-heal|p1b: Gholdengo|38/100|[from] Grassy Terrain\n|-heal|p1b: Gholdengo|45/100|[from] item: Leftovers\n|upkeep\n|turn|3\n|\n|t:|1735748011\n|switch|p2b: Sukikirai|Dragalge, L50, F, shiny|100/100\n|-terastallize|p1b: Gholdengo|Dragon\n|move|p1a: Rillaboom|Grassy Glide|p2b: Sukikirai\n|-resisted|p2b: Sukikirai\n|-damage|p2b: Sukikirai|89/100\n|move|p2a: DelToro|Raging Bull|p1b: Gholdengo\n|-resisted|p1b: Gholdengo\n|-damage|p1b: Gholdengo|31/100\n|move|p1b: Gholdengo|Make It Rain|p2b: Sukikirai|[spread] p2a,p2b\n|-resisted|p2a: DelToro\n|-damage|p2a: DelToro|24/100\n|-damage|p2b: Sukikirai|1/100\n|-unboost|p1b: Gholdengo|spa|1\n|\n|-heal|p2a: DelToro|30/100|[from] Grassy Terrain\n|-heal|p1b: Gholdengo|37/100|[from] Grassy Terrain\n|-heal|p1b: Gholdengo|44/100|[from] item: Leftovers\n|-heal|p2b: Sukikirai|7/100|[from] Grassy Terrain\n|-heal|p2b: Sukikirai|13/100|[from] item: Leftovers\n|upkeep\n|turn|4\n|\n|t:|1735748042\n|move|p1b: Gholdengo|Protect|p1b: Gholdengo\n|-singleturn|p1b: Gholdengo|Protect\n|move|p2a: DelToro|Close Combat|p1b: Gholdengo\n|-activate|p1b: Gholdengo|move: Protect\n|move|p1a: Rillaboom|High Horsepower|p2a: DelToro\n|-supereffective|p2a: DelToro\n|-damage|p2a: DelToro|0 fnt\n|faint|p2a: DelToro\n|move|p2b: Sukikirai|Sludge Bomb|p1a: Rillaboom\n|-supereffective|p1a: Rillaboom\n|-damage|p1a: Rillaboom|19/100\n|\n|-heal|p1b: Gholdengo|50/100|[from] Grassy Terrain\n|-heal|p1b: Gholdengo|56/100|[from] item: Leftovers\n|-heal|p1a: Rillaboom|25/100|[from] Grassy Terrain\n|-heal|p2b: Sukikirai|19/100|[from] Grassy Terrain\n|-heal|p2b: Sukikirai|25/100|[from] item: Leftovers\n|upkeep\n|\n|t:|1735748062\n|switch|p2a: Lepidoptera|Vivillon-Pokeball, L50, F|100/100\n|turn|5\n|\n|t:|1735748075\n|move|p2b: Sukikirai|Protect|p2b: Sukikirai\n|-singleturn|p2b: Sukikirai|Protect\n|move|p2a: Lepidoptera|Pollen Puff|p1a: Rillaboom\n|-supereffective|p1a: Rillaboom\n|-damage|p1a: Rillaboom|0 fnt\n|faint|p1a: Rillaboom\n|move|p1b: Gholdengo|Make It Rain|p2b: Sukikirai|[spread] p2a\n|-activate|p2b: Sukikirai|move: Protect\n|-enditem|p2a: Lepidoptera|Focus Sash\n|-damage|p2a: Lepidoptera|1/100\n|-unboost|p1b: Gholdengo|spa|1\n|\n|-heal|p1b: Gholdengo|62/100|[from] Grassy Terrain\n|-heal|p1b: Gholdengo|68/100|[from] item: Leftovers\n|-heal|p2b: Sukikirai|31/100|[from] Grassy Terrain\n|-heal|p2b: Sukikirai|37/100|[from] item: Leftovers\n|upkeep\n|\n|t:|1735748082\n|switch|p1a: Incineroar|Incineroar, L50, M|100/100 slp\n|-ability|p1a: Incineroar|Intimidate|boost\n|-unboost|p2a: Lepidoptera|atk|1\n|-unboost|p2b: Sukikirai|atk|1\n|turn|6\n|\n|t:|1735748092\n|cant|p1a: Incineroar|slp\n|move|p2a: Lepidoptera|Pollen Puff|p2b: Sukikirai\n|-heal|p2b: Sukikirai|87/100\n|move|p1b: Gholdengo|Make It Rain|p2a: Lepidoptera|[spread] p2a,p2b\n|-damage|p2a: Lepidoptera|0 fnt\n|-damage|p2b: Sukikirai|45/100\n|-unboost|p1b: Gholdengo|spa|1\n|faint|p2a: Lepidoptera\n|move|p2b: Sukikirai|Draco Meteor|p1b: Gholdengo\n|-supereffective|p1b: Gholdengo\n|-damage|p1b: Gholdengo|0 fnt\n|-unboost|p2b: Sukikirai|spa|2\n|faint|p1b: Gholdengo\n|\n|-heal|p2b: Sukikirai|51/100|[from] Grassy Terrain\n|-heal|p2b: Sukikirai|57/100|[from] item: Leftovers\n|-fieldend|move: Grassy Terrain\n|upkeep\n|\n|t:|1735748102\n|switch|p2a: Abysu|Vaporeon, L50, M|100/100\n|switch|p1b: Primarina|Primarina, L50, F|100/100\n|turn|7\n|\n|t:|1735748111\n|move|p1b: Primarina|Dazzling Gleam|p2b: Sukikirai|[spread] p2a,p2b\n|-damage|p2a: Abysu|73/100\n|-damage|p2b: Sukikirai|16/100\n|cant|p1a: Incineroar|slp\n|move|p2a: Abysu|Scald|p1a: Incineroar\n|-supereffective|p1a: Incineroar\n|-damage|p1a: Incineroar|44/100 slp\n|-enditem|p1a: Incineroar|Sitrus Berry|[eat]\n|-heal|p1a: Incineroar|69/100 slp|[from] item: Sitrus Berry\n|move|p2b: Sukikirai|Sludge Bomb|p1a: Incineroar\n|-damage|p1a: Incineroar|44/100 slp\n|\n|-heal|p2b: Sukikirai|22/100|[from] item: Leftovers\n|upkeep\n|turn|8\n|\n|t:|1735748118\n|move|p2b: Sukikirai|Protect|p2b: Sukikirai\n|-singleturn|p2b: Sukikirai|Protect\n|move|p1b: Primarina|Dazzling Gleam|p2a: Abysu|[spread] p2a\n|-activate|p2b: Sukikirai|move: Protect\n|-damage|p2a: Abysu|42/100\n|cant|p1a: Incineroar|slp\n|move|p2a: Abysu|Scald|p1a: Incineroar\n|-supereffective|p1a: Incineroar\n|-damage|p1a: Incineroar|0 fnt\n|faint|p1a: Incineroar\n|\n|-heal|p2b: Sukikirai|28/100|[from] item: Leftovers\n|upkeep\n|turn|9\n|\n|t:|1735748134\n|move|p1b: Primarina|Dazzling Gleam|p2a: Abysu|[spread] p2a,p2b\n|-crit|p2b: Sukikirai\n|-damage|p2a: Abysu|15/100\n|-damage|p2b: Sukikirai|0 fnt\n|faint|p2b: Sukikirai\n|move|p2a: Abysu|Alluring Voice|p1b: Primarina\n|-damage|p1b: Primarina|81/100\n|\n|upkeep\n|turn|10\n|-message|lamebagels forfeited.\n|\n|win|bkks\n|raw|bkks's rating: 1404 &rarr; <strong>1422</strong><br />(+18 for winning)\n|raw|lamebagels's rating: 1372 &rarr; <strong>1354</strong><br />(-18 for losing)\n|l|\u2606lamebagels\n|player|p2|\n|l|\u2606bkks\n|player|p1|\n",
  "uploadtime": 1735748474,
  "views": 132,
  "formatid": "gen9vgc2024regh",
  "rating": 1354,
  "private": 0,
  "password": null
}