{
  "id": "gen9vgc2024regh-2273194965",
  "format": "[Gen 9] VGC 2024 Reg H",
  "players": [
    "Superchief15",
    "buydogwifhat"
  ],
  "log": "|j|\u2606Superchief15\n|j|\u2606buydogwifhat\n|t:|1735748274\n|gametype|doubles\n|player|p1|Superchief15|101|1137\n|player|p2|buydogwifhat|265|1265\n|teamsize|p1|6\n|teamsize|p2|6\n|gen|9\n|tier|[Gen 9] VGC 2024 Reg H\n|rated|\n|rule|Species Clause: Limit one of each Pok\u00e9mon\n|rule|Item Clause: Limit 1 of each item\n|clearpoke\n|poke|p1|Dragonite, L50, M|\n|poke|p1|Gyarados, L50, M|\n|poke|p1|Talonflame, L50, F|\n|poke|p1|Amoonguss, L50, F|\n|poke|p1|Sneasler, L50, M|\n|poke|p1|Gholdengo, L50|\n|poke|p2|Baxcalibur, L50, F|\n|poke|p2|Basculegion, L50, M|\n|poke|p2|Abomasnow, L50, M|\n|poke|p2|Meowscarada, L50, F|\n|poke|p2|Archaludon, L50, M|\n|poke|p2|Duraludon, L50, M|\n|teampreview|4\n|\n|t:|1735748335\n|start\n|switch|p1a: Talonflame|Talonflame, L50, F, shiny|100/100\n|switch|p1b: Sneasler|Sneasler, L50, M, shiny|100/100\n|switch|p2a: Baxcalibur|Baxcalibur, L50, F|100/100\n|switch|p2b: Abomasnow|Abomasnow, L50, M|100/100\n|-weather|Snow|[from] ability: Snow Warning|[of] p2b: Abomasnow\n|turn|1\n|\n|t:|1735748357\n|move|p2a: Baxcalibur|Protect|p2a: Baxcalibur\n|-singleturn|p2a: Baxcalibur|Protect\n|move|p1a: Talonflame|Will-O-Wisp|p2a: Baxcalibur\n|-activate|p2a: Baxcalibur|move: Protect\n|move|p1b: Sneasler|Dire Claw|p2b: Abomasnow\n|-supereffective|p2b: Abomasnow\n|-damage|p2b: Abomasnow|48/100\n|move|p2b: Abomasnow|Aurora Veil|p2b: Abomasnow\n|-sidestart|p2: buydogwifhat|move: Aurora Veil\n|\n|-weather|Snow|[upkeep]\n|upkeep\n|turn|2\n|\n|t:|1735748390\n|switch|p2a: Archaludon|Archaludon, L50, M|100/100\n|move|p1a: Talonflame|Will-O-Wisp|p2a: Archaludon\n|-status|p2a: Archaludon|brn\n|move|p1b: Sneasler|Close Combat|p2b: Abomasnow\n|-supereffective|p2b: Abomasnow\n|-damage|p2b: Abomasnow|0 fnt\n|-unboost|p1b: Sneasler|def|1\n|-unboost|p1b: Sneasler|spd|1\n|-enditem|p1b: Sneasler|White Herb\n|-clearnegativeboost|p1b: Sneasler|[silent]\n|faint|p2b: Abomasnow\n|\n|-weather|Snow|[upkeep]\n|-damage|p2a: Archaludon|94/100 brn|[from] brn\n|upkeep\n|\n|t:|1735748400\n|switch|p2b: Duraludon|Duraludon, L50, M|100/100\n|turn|3\n|\n|t:|1735748435\n|move|p1b: Sneasler|Close Combat|p2a: Archaludon\n|-supereffective|p2a: Archaludon\n|-damage|p2a: Archaludon|23/100 brn\n|-unboost|p1b: Sneasler|def|1\n|-unboost|p1b: Sneasler|spd|1\n|-ability|p2a: Archaludon|Stamina|boost\n|-boost|p2a: Archaludon|def|1\n|move|p1a: Talonflame|Will-O-Wisp|p2b: Duraludon|[miss]\n|-miss|p1a: Talonflame|p2b: Duraludon\n|move|p2a: Archaludon|Electro Shot||[still]\n|-prepare|p2a: Archaludon|Electro Shot\n|-boost|p2a: Archaludon|spa|1\n|-enditem|p2a: Archaludon|Power Herb\n|-anim|p2a: Archaludon|Electro Shot|p1a: Talonflame\n|-supereffective|p1a: Talonflame\n|-enditem|p1a: Talonflame|Focus Sash\n|-damage|p1a: Talonflame|1/100\n|move|p2b: Duraludon|Flash Cannon|p1b: Sneasler\n|-damage|p1b: Sneasler|31/100\n|\n|-weather|Snow|[upkeep]\n|-damage|p2a: Archaludon|17/100 brn|[from] brn\n|upkeep\n|turn|4\n|\n|t:|1735748466\n|move|p2a: Archaludon|Protect|p2a: Archaludon\n|-singleturn|p2a: Archaludon|Protect\n|move|p1b: Sneasler|Close Combat|p2b: Duraludon\n|-supereffective|p2b: Duraludon\n|-damage|p2b: Duraludon|46/100\n|-unboost|p1b: Sneasler|def|1\n|-unboost|p1b: Sneasler|spd|1\n|move|p1a: Talonflame|Tailwind|p1a: Talonflame\n|-sidestart|p1: Superchief15|move: Tailwind\n|move|p2b: Duraludon|Flash Cannon|p1b: Sneasler\n|-damage|p1b: Sneasler|0 fnt\n|faint|p1b: Sneasler\n|\n|-weather|Snow|[upkeep]\n|-damage|p2a: Archaludon|11/100 brn|[from] brn\n|upkeep\n|\n|t:|1735748495\n|switch|p1b: Gholdengo|Gholdengo, L50|100/100\n|turn|5\n|\n|t:|1735748516\n|move|p1a: Talonflame|Will-O-Wisp|p2b: Duraludon\n|-status|p2b: Duraludon|brn\n|move|p1b: Gholdengo|Nasty Plot|p1b: Gholdengo\n|-boost|p1b: Gholdengo|spa|2\n|move|p2a: Archaludon|Draco Meteor|p1b: Gholdengo\n|-resisted|p1b: Gholdengo\n|-damage|p1b: Gholdengo|46/100\n|-unboost|p2a: Archaludon|spa|2\n|move|p2b: Duraludon|Thunderbolt|p1b: Gholdengo\n|-damage|p1b: Gholdengo|19/100\n|\n|-weather|none\n|-damage|p2b: Duraludon|39/100 brn|[from] brn\n|-damage|p2a: Archaludon|5/100 brn|[from] brn\n|upkeep\n|turn|6\n|\n|t:|1735748545\n|move|p2a: Archaludon|Protect|p2a: Archaludon\n|-singleturn|p2a: Archaludon|Protect\n|move|p1a: Talonflame|Brave Bird|p2a: Archaludon\n|-activate|p2a: Archaludon|move: Protect\n|move|p1b: Gholdengo|Shadow Ball|p2b: Duraludon\n|-damage|p2b: Duraludon|0 fnt\n|faint|p2b: Duraludon\n|-damage|p1b: Gholdengo|9/100|[from] item: Life Orb\n|\n|-damage|p2a: Archaludon|0 fnt|[from] brn\n|faint|p2a: Archaludon\n|upkeep\n|\n|t:|1735748557\n|switch|p2b: Baxcalibur|Baxcalibur, L50, F|100/100\n|turn|7\n|\n|t:|1735748575\n|move|p2b: Baxcalibur|Protect|p2b: Baxcalibur\n|-singleturn|p2b: Baxcalibur|Protect\n|move|p1a: Talonflame|Quick Guard|p1a: Talonflame\n|-singleturn|p1a: Talonflame|Quick Guard\n|move|p1b: Gholdengo|Make It Rain|p2b: Baxcalibur\n|-activate|p2b: Baxcalibur|move: Protect\n|\n|-sideend|p1: Superchief15|move: Tailwind\n|upkeep\n|turn|8\n|\n|t:|1735748600\n|-terastallize|p2b: Baxcalibur|Dragon\n|move|p1a: Talonflame|Quick Guard|p1a: Talonflame\n|-singleturn|p1a: Talonflame|Quick Guard\n|move|p1b: Gholdengo|Make It Rain|p2b: Baxcalibur\n|-damage|p2b: Baxcalibur|2/100\n|-unboost|p1b: Gholdengo|spa|1\n|-damage|p1b: Gholdengo|0 fnt|[from] item: Life Orb\n|faint|p1b: Gholdengo\n|move|p2b: Baxcalibur|Earthquake|p1a: Talonflame\n|-immune|p1a: Talonflame\n|\n|-sideend|p2: buydogwifhat|move: Aurora Veil\n|upkeep\n|\n|t:|1735748615\n|switch|p1b: Dragonite|Dragonite, L50, M, shiny|100/100\n|turn|9\n|\n|t:|1735748622\n|move|p1b: Dragonite|Extreme Speed|p2b: Baxcalibur\n|-damage|p2b: Baxcalibur|0 fnt\n|faint|p2b: Baxcalibur\n|\n|win|Superchief15\n|raw|Superchief15's rating: 1137 &rarr; <strong>1171</strong><br />(+34 for winning)\n|raw|buydogwifhat's rating: 1265 &rarr; <strong>1231</strong><br />(-34 for losing)\n|l|\u2606buydogwifhat\n|player|p2|\n|l|\u2606Superchief15\n|player|p1|\n",
  "uploadtime": 1735749028,
  "views": 127,
  "formatid": "gen9vgc2024regh",
  "rating": 1171,
  "private": 0,
  "password": null
}