{
  "id": "gen9vgc2024regh-2273156631",
  "format": "[Gen 9] VGC 2024 Reg H",
  "players": [
    "tvini25",
    "nicolas rainier"
  ],
  "log": "|j|\u2606tvini25\n|j|\u2606nicolas rainier\n|t:|1735742102\n|gametype|doubles\n|player|p1|tvini25|170|1490\n|player|p2|nicolas rainier|266|1549\n|teamsize|p1|6\n|teamsize|p2|6\n|gen|9\n|tier|[Gen 9] VGC 2024 Reg H\n|rated|\n|rule|Species Clause: Limit one of each Pok\u00e9mon\n|rule|Item Clause: Limit 1 of each item\n|clearpoke\n|poke|p1|Corviknight, L50, M|\n|poke|p1|Incineroar, L50, M|\n|poke|p1|Sinistcha, L50|\n|poke|p1|Annihilape, L50, M|\n|poke|p1|Ninetales-Alola, L50, F|\n|poke|p1|Hydreigon, L50, F|\n|poke|p2|Farigiraf, L50, F|\n|poke|p2|Sinistcha-Masterpiece, L50|\n|poke|p2|Ursaluna-Bloodmoon, L50, M|\n|poke|p2|Incineroar, L50, M|\n|poke|p2|Gholdengo, L50|\n|poke|p2|Flamigo, L50, F|\n|teampreview|4\n|inactive|Battle timer is ON: inactive players will automatically lose when time's up. (requested by tvini25)\n|\n|t:|1735742160\n|start\n|switch|p1a: Corviknight|Corviknight, L50, M|100/100\n|switch|p1b: Hydreigon|Hydreigon, L50, F|100/100\n|switch|p2a: Farigiraf|Farigiraf, L50, F, shiny|100/100\n|switch|p2b: Incineroar|Incineroar, L50, M, shiny|100/100\n|-ability|p2b: Incineroar|Intimidate|boost\n|-ability|p1a: Corviknight|Mirror Armor\n|-unboost|p2b: Incineroar|atk|1\n|-unboost|p1b: Hydreigon|atk|1\n|turn|1\n|\n|t:|1735742185\n|move|p2b: Incineroar|Fake Out|p1b: Hydreigon\n|-damage|p1b: Hydreigon|93/100\n|cant|p1b: Hydreigon|flinch\n|move|p1a: Corviknight|Taunt|p2a: Farigiraf\n|-start|p2a: Farigiraf|move: Taunt\n|cant|p2a: Farigiraf|move: Taunt|Trick Room\n|\n|upkeep\n|turn|2\n|\n|t:|1735742208\n|-terastallize|p2a: Farigiraf|Fairy\n|move|p1b: Hydreigon|Snarl|p2b: Incineroar|[spread] p2a,p2b\n|-resisted|p2a: Farigiraf\n|-resisted|p2b: Incineroar\n|-damage|p2a: Farigiraf|91/100\n|-damage|p2b: Incineroar|96/100\n|-unboost|p2a: Farigiraf|spa|1\n|-unboost|p2b: Incineroar|spa|1\n|move|p1a: Corviknight|Brave Bird|p2b: Incineroar\n|-damage|p2b: Incineroar|44/100\n|-damage|p1a: Corviknight|83/100|[from] Recoil\n|move|p2b: Incineroar|Flare Blitz|p1a: Corviknight\n|-supereffective|p1a: Corviknight\n|-damage|p1a: Corviknight|24/100\n|-damage|p2b: Incineroar|24/100|[from] Recoil\n|move|p2a: Farigiraf|Hyper Voice|p1a: Corviknight|[spread] p1a,p1b\n|-resisted|p1a: Corviknight\n|-damage|p1a: Corviknight|12/100\n|-damage|p1b: Hydreigon|77/100\n|-enditem|p2a: Farigiraf|Throat Spray\n|-boost|p2a: Farigiraf|spa|1|[from] item: Throat Spray\n|\n|upkeep\n|turn|3\n|inactive|tvini25 has 30 seconds left.\n|\n|t:|1735742242\n|move|p1b: Hydreigon|Earth Power|p2b: Incineroar\n|-supereffective|p2b: Incineroar\n|-damage|p2b: Incineroar|0 fnt\n|faint|p2b: Incineroar\n|move|p1a: Corviknight|Roost|p1a: Corviknight\n|-heal|p1a: Corviknight|62/100\n|-singleturn|p1a: Corviknight|move: Roost\n|move|p2a: Farigiraf|Hyper Voice|p1a: Corviknight|[spread] p1a,p1b\n|-resisted|p1a: Corviknight\n|-damage|p1a: Corviknight|47/100\n|-damage|p1b: Hydreigon|53/100\n|\n|-end|p2a: Farigiraf|move: Taunt\n|upkeep\n|\n|t:|1735742250\n|switch|p2b: Flamigo|Flamigo, L50, F, shiny|100/100\n|turn|4\n|\n|t:|1735742265\n|switch|p1b: Sinistcha|Sinistcha, L50|100/100\n|-heal|p1a: Corviknight|72/100|[from] ability: Hospitality|[of] p1b: Sinistcha\n|switch|p2a: Ursaluna|Ursaluna-Bloodmoon, L50, M|100/100\n|move|p2b: Flamigo|Close Combat|p1b: Sinistcha\n|-damage|p1b: Sinistcha|59/100\n|-unboost|p2b: Flamigo|def|1\n|-unboost|p2b: Flamigo|spd|1\n|-damage|p2b: Flamigo|84/100|[from] item: Rocky Helmet|[of] p1b: Sinistcha\n|move|p1a: Corviknight|Taunt|p2a: Ursaluna\n|-start|p2a: Ursaluna|move: Taunt\n|\n|upkeep\n|turn|5\n|inactive|tvini25 has 30 seconds left.\n|\n|t:|1735742294\n|switch|p1b: Incineroar|Incineroar, L50, M|100/100\n|-ability|p1b: Incineroar|Intimidate|boost\n|-unboost|p2a: Ursaluna|atk|1\n|-fail|p2b: Flamigo|unboost|Attack|[from] ability: Scrappy|[of] p2b: Flamigo\n|move|p2b: Flamigo|Dual Wingbeat|p1b: Incineroar\n|-damage|p1b: Incineroar|83/100\n|-damage|p1b: Incineroar|63/100\n|-hitcount|p1b: Incineroar|2\n|move|p1a: Corviknight|Brave Bird|p2b: Flamigo\n|-supereffective|p2b: Flamigo\n|-damage|p2b: Flamigo|0 fnt\n|faint|p2b: Flamigo\n|-damage|p1a: Corviknight|50/100|[from] Recoil\n|move|p2a: Ursaluna|Blood Moon|p1a: Corviknight\n|-resisted|p1a: Corviknight\n|-crit|p1a: Corviknight\n|-damage|p1a: Corviknight|0 fnt\n|faint|p1a: Corviknight\n|\n|upkeep\n|inactive|tvini25 has 30 seconds left.\n|\n|t:|1735742321\n|switch|p2b: Farigiraf|Farigiraf, L50, F, shiny, tera:Fairy|91/100\n|switch|p1a: Sinistcha|Sinistcha, L50|59/100\n|-heal|p1b: Incineroar|88/100|[from] ability: Hospitality|[of] p1a: Sinistcha\n|turn|6\n|\n|t:|1735742334\n|move|p1a: Sinistcha|Matcha Gotcha|p2a: Ursaluna|[spread] p2a\n|-miss|p1a: Sinistcha|p2b: Farigiraf\n|-supereffective|p2a: Ursaluna\n|-damage|p2a: Ursaluna|43/100\n|-heal|p1a: Sinistcha|95/100|[from] drain|[of] p2a: Ursaluna\n|move|p1b: Incineroar|Parting Shot|p2a: Ursaluna\n|-unboost|p2a: Ursaluna|atk|1\n|-unboost|p2a: Ursaluna|spa|1\n|j| stewpeed\n|\n|t:|1735742343\n|switch|p1b: Hydreigon|Hydreigon, L50, F|53/100|[from] Parting Shot\n|move|p2b: Farigiraf|Psychic|p1a: Sinistcha\n|-damage|p1a: Sinistcha|43/100\n|move|p2a: Ursaluna|Earth Power|p1b: Hydreigon\n|-immune|p1b: Hydreigon|[from] ability: Levitate\n|\n|-end|p2a: Ursaluna|move: Taunt\n|upkeep\n|turn|7\n|inactive|tvini25 has 30 seconds left.\n|\n|t:|1735742371\n|switch|p1a: Incineroar|Incineroar, L50, M|88/100\n|-ability|p1a: Incineroar|Intimidate|boost\n|-unboost|p2a: Ursaluna|atk|1\n|-unboost|p2b: Farigiraf|atk|1\n|move|p2b: Farigiraf|Protect|p2b: Farigiraf\n|-singleturn|p2b: Farigiraf|Protect\n|move|p1b: Hydreigon|Snarl|p2a: Ursaluna|[spread] p2a\n|-activate|p2b: Farigiraf|move: Protect\n|-damage|p2a: Ursaluna|21/100\n|-unboost|p2a: Ursaluna|spa|1\n|move|p2a: Ursaluna|Blood Moon|p1a: Incineroar\n|-damage|p1a: Incineroar|50/100\n|-enditem|p1a: Incineroar|Sitrus Berry|[eat]\n|-heal|p1a: Incineroar|74/100|[from] item: Sitrus Berry\n|\n|upkeep\n|turn|8\n|c|\u2606nicolas rainier|Gg\n|-message|nicolas rainier forfeited.\n|\n|win|tvini25\n|raw|tvini25's rating: 1490 &rarr; <strong>1513</strong><br />(+23 for winning)\n|raw|nicolas rainier's rating: 1549 &rarr; <strong>1526</strong><br />(-23 for losing)\n|l|\u2606tvini25\n|player|p1|\n|l| stewpeed\n",
  "uploadtime": 1735742659,
  "views": 129,
  "formatid": "gen9vgc2024regh",
  "rating": 1513,
  "private": 0,
  "password": null
}