{
  "id": "gen9vgc2024regh-2273134291",
  "format": "[Gen 9] VGC 2024 Reg H",
  "players": [
    "TheStrongestBlade1",
    "Stainless sheet"
  ],
  "log": "|j|\u2606TheStrongestBlade1\n|j|\u2606Stainless sheet\n|t:|1735737841\n|gametype|doubles\n|player|p1|TheStrongestBlade1|li|1265\n|player|p2|Stainless sheet|blue|1350\n|teamsize|p1|6\n|teamsize|p2|6\n|gen|9\n|tier|[Gen 9] VGC 2024 Reg H\n|rated|\n|rule|Species Clause: Limit one of each Pok\u00e9mon\n|rule|Item Clause: Limit 1 of each item\n|clearpoke\n|poke|p1|Dondozo, L50, F|\n|poke|p1|Tatsugiri, L50, M|\n|poke|p1|Grimmsnarl, L50, M|\n|poke|p1|Glimmora, L50, M|\n|poke|p1|Whimsicott, L50, M|\n|poke|p1|Rillaboom, L50, M|\n|poke|p2|Ninetales, L50, F|\n|poke|p2|Victreebel, L50, F|\n|poke|p2|Snorlax, L50, F|\n|poke|p2|Slowbro, L50, F|\n|poke|p2|Scyther, L50, F|\n|poke|p2|Magnezone, L50|\n|teampreview|4\n|inactive|Battle timer is ON: inactive players will automatically lose when time's up. (requested by Stainless sheet)\n|\n|t:|1735737851\n|start\n|switch|p1a: Grimmsnarl|Grimmsnarl, L50, M|100/100\n|switch|p1b: Glimmora|Glimmora, L50, M|100/100\n|switch|p2a: Victreebel|Victreebel, L50, F|100/100\n|switch|p2b: Ninetales|Ninetales, L50, F, shiny|100/100\n|-weather|SunnyDay|[from] ability: Drought|[of] p2b: Ninetales\n|turn|1\n|\n|t:|1735737862\n|move|p2b: Ninetales|Helping Hand|p2a: Victreebel\n|-singleturn|p2a: Victreebel|Helping Hand|[of] p2b: Ninetales\n|move|p1a: Grimmsnarl|Light Screen|p1a: Grimmsnarl\n|-sidestart|p1: TheStrongestBlade1|move: Light Screen\n|move|p2a: Victreebel|Sludge Wave|p1a: Grimmsnarl|[spread] p2b,p1a,p1b\n|-supereffective|p1a: Grimmsnarl\n|-resisted|p1b: Glimmora\n|-damage|p2b: Ninetales|38/100\n|-damage|p1a: Grimmsnarl|18/100\n|-damage|p1b: Glimmora|85/100\n|-status|p2b: Ninetales|psn\n|-damage|p2a: Victreebel|91/100|[from] item: Life Orb\n|move|p1b: Glimmora|Power Gem|p2b: Ninetales\n|-supereffective|p2b: Ninetales\n|-crit|p2b: Ninetales\n|-damage|p2b: Ninetales|0 fnt\n|faint|p2b: Ninetales\n|\n|-weather|SunnyDay|[upkeep]\n|upkeep\n|\n|t:|1735737868\n|switch|p2b: Scyther|Scyther, L50, F|100/100\n|turn|2\n|\n|t:|1735737883\n|move|p1a: Grimmsnarl|Reflect|p1a: Grimmsnarl\n|-sidestart|p1: TheStrongestBlade1|Reflect\n|move|p2a: Victreebel|Sleep Powder|p1b: Glimmora\n|-status|p1b: Glimmora|slp|[from] move: Sleep Powder\n|move|p2b: Scyther|Lunge|p1a: Grimmsnarl\n|-damage|p1a: Grimmsnarl|0 fnt\n|faint|p1a: Grimmsnarl\n|cant|p1b: Glimmora|slp\n|\n|-weather|SunnyDay|[upkeep]\n|upkeep\n|\n|t:|1735737890\n|switch|p1a: Dondozo|Dondozo, L50, F|100/100\n|turn|3\n|\n|t:|1735737906\n|switch|p1b: Tatsugiri|Tatsugiri, L50, M|100/100\n|-activate|p1b: Tatsugiri|ability: Commander|[of] p1a: Dondozo\n|-boost|p1a: Dondozo|atk|2\n|-boost|p1a: Dondozo|spa|2\n|-boost|p1a: Dondozo|spe|2\n|-boost|p1a: Dondozo|def|2\n|-boost|p1a: Dondozo|spd|2\n|-terastallize|p1a: Dondozo|Grass\n|move|p2a: Victreebel|Sleep Powder|p1a: Dondozo\n|-immune|p1a: Dondozo\n|move|p2b: Scyther|Lunge|p1a: Dondozo\n|-supereffective|p1a: Dondozo\n|-damage|p1a: Dondozo|88/100\n|-unboost|p1a: Dondozo|atk|1\n|move|p1a: Dondozo|Order Up|p2a: Victreebel\n|-damage|p2a: Victreebel|44/100\n|-boost|p1a: Dondozo|atk|1\n|\n|-weather|SunnyDay|[upkeep]\n|-heal|p1a: Dondozo|94/100|[from] item: Leftovers\n|upkeep\n|turn|4\n|\n|t:|1735737930\n|-terastallize|p2a: Victreebel|Fire\n|move|p2a: Victreebel|Weather Ball|p1a: Dondozo\n|-supereffective|p1a: Dondozo\n|-damage|p1a: Dondozo|38/100\n|-damage|p2a: Victreebel|34/100|[from] item: Life Orb\n|move|p2b: Scyther|Lunge|p1a: Dondozo\n|-supereffective|p1a: Dondozo\n|-damage|p1a: Dondozo|25/100\n|-unboost|p1a: Dondozo|atk|1\n|move|p1a: Dondozo|Wave Crash|p2b: Scyther\n|-damage|p2b: Scyther|75/100\n|-damage|p1a: Dondozo|18/100|[from] Recoil\n|\n|-weather|SunnyDay|[upkeep]\n|-heal|p1a: Dondozo|24/100|[from] item: Leftovers\n|upkeep\n|turn|5\n|\n|t:|1735737948\n|move|p1a: Dondozo|Protect|p1a: Dondozo\n|-singleturn|p1a: Dondozo|Protect\n|move|p2a: Victreebel|Weather Ball|p1a: Dondozo\n|-activate|p1a: Dondozo|move: Protect\n|move|p2b: Scyther|Lunge|p1a: Dondozo\n|-activate|p1a: Dondozo|move: Protect\n|\n|-weather|none\n|-heal|p1a: Dondozo|31/100|[from] item: Leftovers\n|upkeep\n|turn|6\n|\n|t:|1735737967\n|move|p2b: Scyther|Tailwind|p2b: Scyther\n|-sidestart|p2: Stainless sheet|move: Tailwind\n|move|p2a: Victreebel|Sludge Wave|p1b: Tatsugiri|[spread] p2b,p1a\n|-miss|p2a: Victreebel|p1b: Tatsugiri\n|-supereffective|p1a: Dondozo\n|-damage|p2b: Scyther|37/100\n|-damage|p1a: Dondozo|5/100\n|-damage|p2a: Victreebel|25/100|[from] item: Life Orb\n|move|p1a: Dondozo|Order Up|p2a: Victreebel\n|-damage|p2a: Victreebel|0 fnt\n|faint|p2a: Victreebel\n|-boost|p1a: Dondozo|atk|1\n|\n|-heal|p1a: Dondozo|12/100|[from] item: Leftovers\n|upkeep\n|\n|t:|1735737973\n|switch|p2a: Magnezone|Magnezone, L50|100/100\n|turn|7\n|\n|t:|1735737988\n|move|p1a: Dondozo|Protect|p1a: Dondozo\n|-singleturn|p1a: Dondozo|Protect\n|move|p2b: Scyther|Lunge|p1a: Dondozo\n|-activate|p1a: Dondozo|move: Protect\n|move|p2a: Magnezone|Thunderbolt|p1a: Dondozo\n|-activate|p1a: Dondozo|move: Protect\n|\n|-heal|p1a: Dondozo|18/100|[from] item: Leftovers\n|upkeep\n|turn|8\n|\n|t:|1735738005\n|move|p2b: Scyther|Lunge|p1a: Dondozo\n|-supereffective|p1a: Dondozo\n|-crit|p1a: Dondozo\n|-damage|p1a: Dondozo|0 fnt\n|faint|p1a: Dondozo\n|move|p2a: Magnezone|Thunderbolt|p1b: Tatsugiri\n|-damage|p1b: Tatsugiri|29/100\n|\n|-sideend|p1: TheStrongestBlade1|move: Light Screen\n|upkeep\n|\n|t:|1735738009\n|switch|p1a: Glimmora|Glimmora, L50, M|85/100 slp\n|turn|9\n|\n|t:|1735738020\n|move|p2b: Scyther|Lunge|p1b: Tatsugiri\n|-damage|p1b: Tatsugiri|0 fnt\n|faint|p1b: Tatsugiri\n|move|p2a: Magnezone|Thunderbolt|p1a: Glimmora\n|-damage|p1a: Glimmora|0 fnt\n|faint|p1a: Glimmora\n|\n|win|Stainless sheet\n|raw|TheStrongestBlade1's rating: 1265 &rarr; <strong>1246</strong><br />(-19 for losing)\n|raw|Stainless sheet's rating: 1350 &rarr; <strong>1365</strong><br />(+15 for winning)\n|l|\u2606TheStrongestBlade1\n|player|p1|\n|l|\u2606Stainless sheet\n|player|p2|\n",
  "uploadtime": 1735738367,
  "views": 18,
  "formatid": "gen9vgc2024regh",
  "rating": 1246,
  "private": 0,
  "password": null
}