{
  "id": "gen9vgc2024regh-2273109180",
  "format": "[Gen 9] VGC 2024 Reg H",
  "players": [
    "extreme almighty",
    "elblitz_"
  ],
  "log": "|j|\u2606extreme almighty\n|j|\u2606elblitz_\n|t:|1735732227\n|gametype|doubles\n|player|p1|extreme almighty|benga|1374\n|player|p2|elblitz_|2|1503\n|teamsize|p1|6\n|teamsize|p2|6\n|gen|9\n|tier|[Gen 9] VGC 2024 Reg H\n|rated|\n|rule|Species Clause: Limit one of each Pok\u00e9mon\n|rule|Item Clause: Limit 1 of each item\n|clearpoke\n|poke|p1|Annihilape, L50, M|\n|poke|p1|Oranguru, L50, M|\n|poke|p1|Ursaluna-Bloodmoon, L50, M|\n|poke|p1|Torkoal, L50, F|\n|poke|p1|Indeedee-F, L50, F|\n|poke|p1|Hatterene, L50, F|\n|poke|p2|Incineroar, L50, M|\n|poke|p2|Amoonguss, L50, F|\n|poke|p2|Gengar, L50, M|\n|poke|p2|Archaludon, L50, M|\n|poke|p2|Pelipper, L50, M|\n|poke|p2|Basculegion, L50, M|\n|teampreview|4\n|inactive|Battle timer is ON: inactive players will automatically lose when time's up. (requested by elblitz_)\n|\n|t:|1735732251\n|start\n|switch|p1a: Annihilape|Annihilape, L50, M|100/100\n|switch|p1b: Oranguru|Oranguru, L50, M|100/100\n|switch|p2a: Amoonguss|Amoonguss, L50, F|100/100\n|switch|p2b: Gengar|Gengar, L50, M|100/100\n|turn|1\n|\n|t:|1735732262\n|move|p1a: Annihilape|Final Gambit|p2a: Amoonguss\n|-damage|p2a: Amoonguss|2/100\n|faint|p1a: Annihilape\n|move|p2a: Amoonguss|Spore|p1b: Oranguru\n|-status|p1b: Oranguru|slp|[from] move: Spore\n|move|p2b: Gengar|Trick Room|p2b: Gengar\n|-fieldstart|move: Trick Room|[of] p2b: Gengar\n|cant|p1b: Oranguru|slp\n|\n|upkeep\n|\n|t:|1735732272\n|switch|p1a: Torkoal|Torkoal, L50, F|100/100\n|-weather|SunnyDay|[from] ability: Drought|[of] p1a: Torkoal\n|turn|2\n|\n|t:|1735732283\n|switch|p2a: Pelipper|Pelipper, L50, M|100/100\n|-weather|RainDance|[from] ability: Drizzle|[of] p2a: Pelipper\n|switch|p1b: Ursaluna|Ursaluna-Bloodmoon, L50, M|100/100\n|move|p1a: Torkoal|Eruption|p2a: Pelipper|[spread] p2a,p2b\n|-resisted|p2a: Pelipper\n|-damage|p2a: Pelipper|83/100\n|-damage|p2b: Gengar|59/100\n|-start|p1a: Torkoal|Disable|Eruption|[from] ability: Cursed Body|[of] p2b: Gengar\n|move|p2b: Gengar|Sludge Bomb|p1a: Torkoal\n|-damage|p1a: Torkoal|50/100\n|-status|p1a: Torkoal|psn\n|\n|-weather|RainDance|[upkeep]\n|-damage|p1a: Torkoal|38/100 psn|[from] psn\n|upkeep\n|turn|3\n|\n|t:|1735732302\n|-terastallize|p1b: Ursaluna|Normal\n|move|p1a: Torkoal|Earth Power|p2b: Gengar\n|-supereffective|p2b: Gengar\n|-damage|p2b: Gengar|0 fnt\n|faint|p2b: Gengar\n|move|p1b: Ursaluna|Hyper Voice|p2a: Pelipper\n|-damage|p2a: Pelipper|0 fnt\n|faint|p2a: Pelipper\n|-enditem|p1b: Ursaluna|Throat Spray\n|-boost|p1b: Ursaluna|spa|1|[from] item: Throat Spray\n|\n|-weather|RainDance|[upkeep]\n|-damage|p1a: Torkoal|26/100 psn|[from] psn\n|upkeep\n|\n|t:|1735732313\n|switch|p2a: Amoonguss|Amoonguss, L50, F|35/100\n|switch|p2b: Basculegion|Basculegion, L50, M|100/100\n|turn|4\n|inactive|extreme almighty has 30 seconds left.\n|\n|t:|1735732341\n|move|p1b: Ursaluna|Protect|p1b: Ursaluna\n|-singleturn|p1b: Ursaluna|Protect\n|move|p2b: Basculegion|Aqua Jet|p1a: Torkoal\n|-supereffective|p1a: Torkoal\n|-damage|p1a: Torkoal|0 fnt\n|faint|p1a: Torkoal\n|move|p2a: Amoonguss|Spore|p1b: Ursaluna\n|-activate|p1b: Ursaluna|move: Protect\n|\n|-weather|RainDance|[upkeep]\n|upkeep\n|\n|t:|1735732350\n|switch|p1a: Oranguru|Oranguru, L50, M|100/100 slp\n|turn|5\n|\n|t:|1735732362\n|move|p2a: Amoonguss|Spore|p1b: Ursaluna\n|-status|p1b: Ursaluna|slp|[from] move: Spore\n|cant|p1b: Ursaluna|slp\n|cant|p1a: Oranguru|slp\n|move|p2b: Basculegion|Wave Crash|p1a: Oranguru\n|-damage|p1a: Oranguru|0 fnt\n|faint|p1a: Oranguru\n|-damage|p2b: Basculegion|69/100|[from] Recoil\n|\n|-weather|RainDance|[upkeep]\n|-fieldend|move: Trick Room\n|upkeep\n|turn|6\n|\n|t:|1735732378\n|-terastallize|p2b: Basculegion|Water\n|cant|p1b: Ursaluna|slp\n|move|p2b: Basculegion|Wave Crash|p1b: Ursaluna\n|-damage|p1b: Ursaluna|7/100 slp\n|-damage|p2b: Basculegion|36/100|[from] Recoil\n|move|p2a: Amoonguss|Energy Ball|p1b: Ursaluna\n|-damage|p1b: Ursaluna|0 fnt\n|faint|p1b: Ursaluna\n|-damage|p2a: Amoonguss|25/100|[from] item: Life Orb\n|\n|win|elblitz_\n|raw|extreme almighty's rating: 1374 &rarr; <strong>1361</strong><br />(-13 for losing)\n|raw|elblitz_'s rating: 1503 &rarr; <strong>1516</strong><br />(+13 for winning)\n|l|\u2606extreme almighty\n|player|p1|\n|l|\u2606elblitz_\n|player|p2|\n",
  "uploadtime": 1735732660,
  "views": 24,
  "formatid": "gen9vgc2024regh",
  "rating": 1361,
  "private": 0,
  "password": null
}