{
  "id": "gen9vgc2024regh-2273185364",
  "format": "[Gen 9] VGC 2024 Reg H",
  "players": [
    "IINagitoII",
    "Cleavordie"
  ],
  "log": "|j|\u2606IINagitoII\n|j|\u2606Cleavordie\n|t:|1735746814\n|gametype|doubles\n|player|p1|IINagitoII|101|1168\n|player|p2|Cleavordie|brycenman|1089\n|teamsize|p1|6\n|teamsize|p2|6\n|gen|9\n|tier|[Gen 9] VGC 2024 Reg H\n|rated|\n|rule|Species Clause: Limit one of each Pok\u00e9mon\n|rule|Item Clause: Limit 1 of each item\n|clearpoke\n|poke|p1|Salamence, L50, M|\n|poke|p1|Smeargle, L50, F|\n|poke|p1|Typhlosion-Hisui, L50, F|\n|poke|p1|Grimmsnarl, L50, M|\n|poke|p1|Gholdengo, L50|\n|poke|p1|Sinistcha-Masterpiece, L50|\n|poke|p2|Rillaboom, L50, F|\n|poke|p2|Pelipper, L50, M|\n|poke|p2|Electabuzz, L50, F|\n|poke|p2|Archaludon, L50, M|\n|poke|p2|Drednaw, L50, F|\n|poke|p2|Tauros-Paldea-Aqua, L50, M|\n|teampreview|4\n|inactive|Battle timer is ON: inactive players will automatically lose when time's up. (requested by IINagitoII)\n|\n|t:|1735746861\n|start\n|switch|p1a: Smeargle|Smeargle, L50, F, shiny|100/100\n|switch|p1b: Sinistcha|Sinistcha-Masterpiece, L50|100/100\n|switch|p2a: Tauros|Tauros-Paldea-Aqua, L50, M|100/100\n|switch|p2b: Pelipper|Pelipper, L50, M|100/100\n|-ability|p2a: Tauros|Intimidate|boost\n|-unboost|p1a: Smeargle|atk|1\n|-unboost|p1b: Sinistcha|atk|1\n|-weather|RainDance|[from] ability: Drizzle|[of] p2b: Pelipper\n|turn|1\n|\n|t:|1735746882\n|move|p1a: Smeargle|Fake Out|p2a: Tauros\n|-damage|p2a: Tauros|96/100\n|cant|p2a: Tauros|flinch\n|move|p1b: Sinistcha|Matcha Gotcha|p2b: Pelipper|[spread] p2a,p2b\n|-supereffective|p2a: Tauros\n|-damage|p2a: Tauros|12/100\n|-damage|p2b: Pelipper|66/100\n|move|p2b: Pelipper|Weather Ball|p1a: Smeargle\n|-damage|p1a: Smeargle|0 fnt\n|faint|p1a: Smeargle\n|\n|-weather|RainDance|[upkeep]\n|upkeep\n|\n|t:|1735746903\n|switch|p1a: Grimmsnarl|Grimmsnarl, L50, M|100/100\n|turn|2\n|\n|t:|1735746926\n|move|p1a: Grimmsnarl|Fake Out|p2b: Pelipper\n|-damage|p2b: Pelipper|56/100\n|-damage|p1a: Grimmsnarl|84/100|[from] item: Rocky Helmet|[of] p2b: Pelipper\n|move|p2a: Tauros|Raging Bull|p1a: Grimmsnarl\n|-damage|p1a: Grimmsnarl|0 fnt\n|faint|p1a: Grimmsnarl\n|-damage|p2a: Tauros|2/100|[from] item: Life Orb\n|move|p1b: Sinistcha|Matcha Gotcha|p2b: Pelipper|[spread] p2b\n|-miss|p1b: Sinistcha|p2a: Tauros\n|-damage|p2b: Pelipper|20/100\n|cant|p2b: Pelipper|flinch\n|\n|-weather|RainDance|[upkeep]\n|upkeep\n|\n|t:|1735746943\n|switch|p1a: Gholdengo|Gholdengo, L50|100/100\n|turn|3\n|\n|t:|1735746964\n|switch|p2b: Archaludon|Archaludon, L50, M|100/100\n|move|p1b: Sinistcha|Rage Powder|p1b: Sinistcha\n|-singleturn|p1b: Sinistcha|move: Rage Powder\n|move|p2a: Tauros|Raging Bull|p1b: Sinistcha\n|-resisted|p1b: Sinistcha\n|-damage|p1b: Sinistcha|68/100\n|-damage|p2a: Tauros|0 fnt|[from] item: Life Orb\n|faint|p2a: Tauros\n|move|p1a: Gholdengo|Nasty Plot|p1a: Gholdengo\n|-boost|p1a: Gholdengo|spa|2\n|\n|-weather|RainDance|[upkeep]\n|upkeep\n|\n|t:|1735746975\n|switch|p2a: Drednaw|Drednaw, L50, F, shiny|100/100\n|turn|4\n|inactive|IINagitoII has 30 seconds left.\n|inactive|Cleavordie has 30 seconds left.\n|\n|t:|1735747009\n|-terastallize|p2b: Archaludon|Electric\n|move|p1b: Sinistcha|Rage Powder|p1b: Sinistcha\n|-singleturn|p1b: Sinistcha|move: Rage Powder\n|move|p2a: Drednaw|Liquidation|p1b: Sinistcha\n|-resisted|p1b: Sinistcha\n|-damage|p1b: Sinistcha|43/100\n|move|p2b: Archaludon|Electro Shot||[still]\n|-prepare|p2b: Archaludon|Electro Shot\n|-boost|p2b: Archaludon|spa|1\n|-anim|p2b: Archaludon|Electro Shot|p1b: Sinistcha\n|-resisted|p1b: Sinistcha\n|-crit|p1b: Sinistcha\n|-damage|p1b: Sinistcha|0 fnt\n|faint|p1b: Sinistcha\n|move|p1a: Gholdengo|Make It Rain|p2b: Archaludon|[spread] p2a,p2b\n|-resisted|p2b: Archaludon\n|-damage|p2a: Drednaw|0 fnt\n|-damage|p2b: Archaludon|11/100\n|-unboost|p1a: Gholdengo|spa|1\n|faint|p2a: Drednaw\n|-damage|p1a: Gholdengo|91/100|[from] item: Life Orb\n|\n|-weather|RainDance|[upkeep]\n|upkeep\n|\n|t:|1735747028\n|switch|p2a: Pelipper|Pelipper, L50, M|20/100\n|turn|5\n|\n|t:|1735747039\n|-terastallize|p1a: Gholdengo|Steel\n|move|p2b: Archaludon|Electro Shot||[still]\n|-prepare|p2b: Archaludon|Electro Shot\n|-boost|p2b: Archaludon|spa|1\n|-anim|p2b: Archaludon|Electro Shot|p1a: Gholdengo\n|-damage|p1a: Gholdengo|0 fnt\n|faint|p1a: Gholdengo\n|\n|win|Cleavordie\n|raw|IINagitoII's rating: 1168 &rarr; <strong>1137</strong><br />(-31 for losing)\n|raw|Cleavordie's rating: 1089 &rarr; <strong>1122</strong><br />(+33 for winning)\n|l|\u2606IINagitoII\n|player|p1|\n|l|\u2606Cleavordie\n|player|p2|\n",
  "uploadtime": 1735747366,
  "views": 129,
  "formatid": "gen9vgc2024regh",
  "rating": 1122,
  "private": 0,
  "password": null
}