{
  "id": "gen9vgc2024regh-2273193832",
  "format": "[Gen 9] VGC 2024 Reg H",
  "players": [
    "ashermandela",
    "Cleavordie"
  ],
  "log": "|j|\u2606ashermandela\n|j|\u2606Cleavordie\n|t:|1735748099\n|gametype|doubles\n|player|p1|ashermandela|hilbert|1105\n|player|p2|Cleavordie|brycenman|1146\n|teamsize|p1|6\n|teamsize|p2|6\n|gen|9\n|tier|[Gen 9] VGC 2024 Reg H\n|rated|\n|rule|Species Clause: Limit one of each Pok\u00e9mon\n|rule|Item Clause: Limit 1 of each item\n|clearpoke\n|poke|p1|Sneasler, L50, F|\n|poke|p1|Ursaluna-Bloodmoon, L50, M|\n|poke|p1|Amoonguss, L50, M|\n|poke|p1|Electabuzz, L50, M|\n|poke|p1|Volbeat, L50, M|\n|poke|p1|Garchomp, L50, F|\n|poke|p2|Rillaboom, L50, F|\n|poke|p2|Pelipper, L50, M|\n|poke|p2|Electabuzz, L50, M|\n|poke|p2|Archaludon, L50, F|\n|poke|p2|Drednaw, L50, F|\n|poke|p2|Tauros-Paldea-Aqua, L50, M|\n|teampreview|4\n|\n|t:|1735748131\n|start\n|switch|p1a: Garchomp|Garchomp, L50, F|100/100\n|switch|p1b: Electabuzz|Electabuzz, L50, M|100/100\n|switch|p2a: Pelipper|Pelipper, L50, M|100/100\n|switch|p2b: Drednaw|Drednaw, L50, F, shiny|100/100\n|-weather|RainDance|[from] ability: Drizzle|[of] p2a: Pelipper\n|turn|1\n|inactive|Battle timer is ON: inactive players will automatically lose when time's up. (requested by ashermandela)\n|\n|t:|1735748149\n|move|p1a: Garchomp|Protect|p1a: Garchomp\n|-singleturn|p1a: Garchomp|Protect\n|move|p2b: Drednaw|Liquidation|p1b: Electabuzz\n|-damage|p1b: Electabuzz|34/100\n|move|p1b: Electabuzz|Electroweb|p2b: Drednaw|[spread] p2a,p2b\n|-supereffective|p2a: Pelipper\n|-crit|p2a: Pelipper\n|-supereffective|p2b: Drednaw\n|-damage|p2a: Pelipper|0 fnt\n|-damage|p2b: Drednaw|59/100\n|faint|p2a: Pelipper\n|\n|-weather|RainDance|[upkeep]\n|upkeep\n|\n|t:|1735748162\n|switch|p2a: Rillaboom|Rillaboom, L50, F|100/100\n|-fieldstart|move: Grassy Terrain|[from] ability: Grassy Surge|[of] p2a: Rillaboom\n|turn|2\n|\n|t:|1735748174\n|move|p2a: Rillaboom|Fake Out|p1a: Garchomp\n|-damage|p1a: Garchomp|85/100\n|-damage|p2a: Rillaboom|88/100|[from] ability: Rough Skin|[of] p1a: Garchomp\n|move|p1b: Electabuzz|Follow Me|p1b: Electabuzz\n|-singleturn|p1b: Electabuzz|move: Follow Me\n|move|p2b: Drednaw|Liquidation|p1b: Electabuzz\n|-damage|p1b: Electabuzz|0 fnt\n|faint|p1b: Electabuzz\n|cant|p1a: Garchomp|flinch\n|\n|-weather|RainDance|[upkeep]\n|-heal|p2b: Drednaw|65/100|[from] Grassy Terrain\n|-heal|p1a: Garchomp|91/100|[from] Grassy Terrain\n|-heal|p2a: Rillaboom|94/100|[from] Grassy Terrain\n|upkeep\n|\n|t:|1735748187\n|switch|p1b: Amoonguss|Amoonguss, L50, M|100/100\n|turn|3\n|\n|t:|1735748203\n|switch|p2b: Electabuzz|Electabuzz, L50, M|100/100\n|-terastallize|p1a: Garchomp|Fire\n|move|p1b: Amoonguss|Rage Powder|p1b: Amoonguss\n|-singleturn|p1b: Amoonguss|move: Rage Powder\n|move|p1a: Garchomp|Stomping Tantrum|p2b: Electabuzz\n|-supereffective|p2b: Electabuzz\n|-damage|p2b: Electabuzz|0 fnt\n|faint|p2b: Electabuzz\n|move|p2a: Rillaboom|High Horsepower|p1b: Amoonguss\n|-damage|p1b: Amoonguss|75/100\n|\n|-weather|RainDance|[upkeep]\n|-heal|p1a: Garchomp|97/100|[from] Grassy Terrain\n|-heal|p2a: Rillaboom|99/100|[from] Grassy Terrain\n|-heal|p1b: Amoonguss|81/100|[from] Grassy Terrain\n|upkeep\n|\n|t:|1735748217\n|switch|p2b: Drednaw|Drednaw, L50, F, shiny|65/100\n|turn|4\n|\n|t:|1735748226\n|move|p1a: Garchomp|Protect|p1a: Garchomp\n|-singleturn|p1a: Garchomp|Protect\n|move|p2b: Drednaw|Liquidation|p1a: Garchomp\n|-activate|p1a: Garchomp|move: Protect\n|move|p2a: Rillaboom|High Horsepower|p1a: Garchomp\n|-activate|p1a: Garchomp|move: Protect\n|move|p1b: Amoonguss|Spore|p2b: Drednaw\n|-status|p2b: Drednaw|slp|[from] move: Spore\n|\n|-weather|RainDance|[upkeep]\n|-heal|p2b: Drednaw|71/100 slp|[from] Grassy Terrain\n|-heal|p1a: Garchomp|100/100|[from] Grassy Terrain\n|-heal|p2a: Rillaboom|100/100|[from] Grassy Terrain\n|-heal|p1b: Amoonguss|86/100|[from] Grassy Terrain\n|upkeep\n|turn|5\n|\n|t:|1735748249\n|cant|p2b: Drednaw|slp\n|move|p1a: Garchomp|Swords Dance|p1a: Garchomp\n|-boost|p1a: Garchomp|atk|2\n|move|p2a: Rillaboom|High Horsepower|p1a: Garchomp\n|-supereffective|p1a: Garchomp\n|-damage|p1a: Garchomp|37/100\n|-damage|p2a: Rillaboom|88/100|[from] ability: Rough Skin|[of] p1a: Garchomp\n|move|p1b: Amoonguss|Sludge Bomb|p2a: Rillaboom\n|-supereffective|p2a: Rillaboom\n|-damage|p2a: Rillaboom|12/100\n|-status|p2a: Rillaboom|psn\n|\n|-weather|none\n|-heal|p2b: Drednaw|77/100 slp|[from] Grassy Terrain\n|-heal|p1a: Garchomp|43/100|[from] Grassy Terrain\n|-heal|p2a: Rillaboom|18/100 psn|[from] Grassy Terrain\n|-heal|p1b: Amoonguss|92/100|[from] Grassy Terrain\n|-damage|p2a: Rillaboom|6/100 psn|[from] psn\n|upkeep\n|turn|6\n|inactive|Cleavordie has 30 seconds left.\n|\n|t:|1735748281\n|move|p1a: Garchomp|Protect|p1a: Garchomp\n|-singleturn|p1a: Garchomp|Protect\n|move|p2a: Rillaboom|High Horsepower|p1a: Garchomp\n|-activate|p1a: Garchomp|move: Protect\n|cant|p2b: Drednaw|slp\n|move|p1b: Amoonguss|Spore|p2b: Drednaw\n|-fail|p2b: Drednaw|slp\n|\n|-heal|p1a: Garchomp|49/100|[from] Grassy Terrain\n|-heal|p2a: Rillaboom|11/100 psn|[from] Grassy Terrain\n|-heal|p2b: Drednaw|84/100 slp|[from] Grassy Terrain\n|-heal|p1b: Amoonguss|98/100|[from] Grassy Terrain\n|-damage|p2a: Rillaboom|0 fnt|[from] psn\n|faint|p2a: Rillaboom\n|-fieldend|move: Grassy Terrain\n|upkeep\n|turn|7\n|inactive|ashermandela has 30 seconds left.\n|inactive|Cleavordie has 30 seconds left.\n|inactive|Cleavordie has 20 seconds left.\n|\n|t:|1735748320\n|move|p1a: Garchomp|Scale Shot|p2b: Drednaw\n|-damage|p2b: Drednaw|49/100 slp\n|-damage|p2b: Drednaw|20/100 slp\n|-damage|p2b: Drednaw|0 fnt\n|faint|p2b: Drednaw\n|-hitcount|p2: Drednaw|3\n|\n|win|ashermandela\n|raw|ashermandela's rating: 1105 &rarr; <strong>1133</strong><br />(+28 for winning)\n|raw|Cleavordie's rating: 1146 &rarr; <strong>1118</strong><br />(-28 for losing)\n|l|\u2606ashermandela\n|player|p1|\n|l|\u2606Cleavordie\n|player|p2|\n",
  "uploadtime": 1735748612,
  "views": 124,
  "formatid": "gen9vgc2024regh",
  "rating": 1118,
  "private": 0,
  "password": null
}