{
  "id": "gen9vgc2024regh-2273163387",
  "format": "[Gen 9] VGC 2024 Reg H",
  "players": [
    "Popeye1",
    "sean_Choi123"
  ],
  "log": "|j|\u2606Popeye1\n|j|\u2606sean_Choi123\n|t:|1735743269\n|gametype|doubles\n|player|p1|Popeye1|169|1490\n|player|p2|sean_Choi123|lucas|1502\n|teamsize|p1|6\n|teamsize|p2|6\n|gen|9\n|tier|[Gen 9] VGC 2024 Reg H\n|rated|\n|rule|Species Clause: Limit one of each Pok\u00e9mon\n|rule|Item Clause: Limit 1 of each item\n|clearpoke\n|poke|p1|Ceruledge, L50, F|\n|poke|p1|Amoonguss, L50, F|\n|poke|p1|Primarina, L50, F|\n|poke|p1|Corviknight, L50, F|\n|poke|p1|Garchomp, L50, M|\n|poke|p1|Gallade, L50, M|\n|poke|p2|Typhlosion, L50, F|\n|poke|p2|Gholdengo, L50|\n|poke|p2|Whimsicott, L50, F|\n|poke|p2|Incineroar, L50, F|\n|poke|p2|Rillaboom, L50, F|\n|poke|p2|Annihilape, L50, F|\n|teampreview|4\n|inactive|Battle timer is ON: inactive players will automatically lose when time's up. (requested by Popeye1)\n|inactive|Popeye1 has 60 seconds left.\n|inactive|sean_Choi123 has 60 seconds left.\nPopeye1 has agreed to open team sheets.\n|inactive|Popeye1 has 30 seconds left.\n|inactive|Popeye1 has 20 seconds left.\n|\n|t:|1735743342\n|start\n|switch|p1a: Corviknight|Corviknight, L50, F|100/100\n|switch|p1b: Ceruledge|Ceruledge, L50, F|100/100\n|switch|p2a: Whimsicott|Whimsicott, L50, F|100/100\n|switch|p2b: Typhlosion|Typhlosion, L50, F|100/100\n|turn|1\n|\n|t:|1735743363\n|-terastallize|p1b: Ceruledge|Grass\n|move|p2b: Typhlosion|Protect|p2b: Typhlosion\n|-singleturn|p2b: Typhlosion|Protect\n|move|p1a: Corviknight|Protect|p1a: Corviknight\n|-singleturn|p1a: Corviknight|Protect\n|move|p2a: Whimsicott|Tailwind|p2a: Whimsicott\n|-sidestart|p2: sean_Choi123|move: Tailwind\n|move|p1b: Ceruledge|Bitter Blade|p2a: Whimsicott\n|-supereffective|p2a: Whimsicott\n|-enditem|p2a: Whimsicott|Focus Sash\n|-damage|p2a: Whimsicott|1/100\n|\n|upkeep\n|turn|2\n|inactive|Popeye1 has 30 seconds left.\n|inactive|sean_Choi123 has 30 seconds left.\n|\n|t:|1735743393\n|switch|p2a: Incineroar|Incineroar, L50, F|100/100\n|-ability|p2a: Incineroar|Intimidate|boost\n|-ability|p1a: Corviknight|Mirror Armor\n|-unboost|p2a: Incineroar|atk|1\n|-unboost|p1b: Ceruledge|atk|1\n|move|p1b: Ceruledge|Shadow Sneak|p2b: Typhlosion\n|-damage|p2b: Typhlosion|77/100\n|move|p2b: Typhlosion|Shadow Ball|p1b: Ceruledge\n|-damage|p1b: Ceruledge|83/100\n|move|p1a: Corviknight|Tailwind|p1a: Corviknight\n|-sidestart|p1: Popeye1|move: Tailwind\n|\n|upkeep\n|turn|3\n|inactive|Popeye1 has 30 seconds left.\n|\n|t:|1735743422\n|switch|p1b: Amoonguss|Amoonguss, L50, F|100/100\n|move|p2b: Typhlosion|Heat Wave|p1b: Amoonguss|[spread] p1a,p1b\n|-supereffective|p1a: Corviknight\n|-crit|p1a: Corviknight\n|-supereffective|p1b: Amoonguss\n|-damage|p1a: Corviknight|7/100\n|-damage|p1b: Amoonguss|24/100\n|-status|p1b: Amoonguss|brn\n|-enditem|p1b: Amoonguss|Aguav Berry|[eat]\n|-heal|p1b: Amoonguss|58/100 brn|[from] item: Aguav Berry\n|move|p1a: Corviknight|Taunt|p2a: Incineroar\n|-start|p2a: Incineroar|move: Taunt\n|move|p2a: Incineroar|Knock Off|p1b: Amoonguss\n|-damage|p1b: Amoonguss|45/100 brn\n|\n|-heal|p1a: Corviknight|13/100|[from] item: Leftovers\n|-damage|p1b: Amoonguss|39/100 brn|[from] brn\n|upkeep\n|turn|4\n|\n|t:|1735743442\n|switch|p2a: Rillaboom|Rillaboom, L50, F|100/100\n|-fieldstart|move: Grassy Terrain|[from] ability: Grassy Surge|[of] p2a: Rillaboom\n|move|p1a: Corviknight|Protect|p1a: Corviknight\n|-singleturn|p1a: Corviknight|Protect\n|move|p1b: Amoonguss|Protect|p1b: Amoonguss\n|-singleturn|p1b: Amoonguss|Protect\n|move|p2b: Typhlosion|Heat Wave|p1a: Corviknight|[spread] \n|-activate|p1a: Corviknight|move: Protect\n|-activate|p1b: Amoonguss|move: Protect\n|\n|-heal|p2b: Typhlosion|83/100|[from] Grassy Terrain\n|-heal|p1a: Corviknight|19/100|[from] item: Leftovers\n|-heal|p1b: Amoonguss|45/100 brn|[from] Grassy Terrain\n|-damage|p1b: Amoonguss|39/100 brn|[from] brn\n|-sideend|p2: sean_Choi123|move: Tailwind\n|upkeep\n|turn|5\n|\n|t:|1735743466\n|switch|p1b: Ceruledge|Ceruledge, L50, F, tera:Grass|83/100\n|move|p2a: Rillaboom|Fake Out|p1a: Corviknight\n|-resisted|p1a: Corviknight\n|-damage|p1a: Corviknight|13/100\n|cant|p1a: Corviknight|flinch\n|move|p2b: Typhlosion|Eruption|p1b: Ceruledge|[spread] p1a\n|-start|p1b: Ceruledge|ability: Flash Fire\n|-supereffective|p1a: Corviknight\n|-damage|p1a: Corviknight|0 fnt\n|faint|p1a: Corviknight\n|\n|-heal|p1b: Ceruledge|90/100|[from] Grassy Terrain\n|-heal|p2b: Typhlosion|89/100|[from] Grassy Terrain\n|-sideend|p1: Popeye1|move: Tailwind\n|upkeep\n|\n|t:|1735743473\n|switch|p1a: Gallade|Gallade, L50, M|100/100\n|turn|6\n|\n|t:|1735743493\n|switch|p2b: Incineroar|Incineroar, L50, F|100/100\n|-ability|p2b: Incineroar|Intimidate|boost\n|-unboost|p1a: Gallade|atk|1\n|-unboost|p1b: Ceruledge|atk|1\n|move|p2a: Rillaboom|Protect|p2a: Rillaboom\n|-singleturn|p2a: Rillaboom|Protect\n|move|p1b: Ceruledge|Shadow Sneak|p2b: Incineroar\n|-resisted|p2b: Incineroar\n|-damage|p2b: Incineroar|95/100\n|move|p1a: Gallade|Sacred Sword|p2b: Incineroar\n|-supereffective|p2b: Incineroar\n|-damage|p2b: Incineroar|23/100\n|\n|-heal|p1b: Ceruledge|96/100|[from] Grassy Terrain\n|-heal|p2b: Incineroar|29/100|[from] Grassy Terrain\n|upkeep\n|turn|7\n|\n|t:|1735743515\n|switch|p1a: Amoonguss|Amoonguss, L50, F|72/100 brn\n|move|p2b: Incineroar|Fake Out|p1b: Ceruledge\n|-damage|p1b: Ceruledge|82/100\n|move|p2a: Rillaboom|Wood Hammer|p1a: Amoonguss\n|-resisted|p1a: Amoonguss\n|-damage|p1a: Amoonguss|52/100 brn\n|-damage|p2a: Rillaboom|93/100|[from] Recoil\n|cant|p1b: Ceruledge|flinch\n|\n|-heal|p2a: Rillaboom|99/100|[from] Grassy Terrain\n|-heal|p1b: Ceruledge|88/100|[from] Grassy Terrain\n|-heal|p2b: Incineroar|35/100|[from] Grassy Terrain\n|-heal|p1a: Amoonguss|58/100 brn|[from] Grassy Terrain\n|-damage|p1a: Amoonguss|52/100 brn|[from] brn\n|upkeep\n|turn|8\n|inactive|sean_Choi123 has 30 seconds left.\n|\n|t:|1735743542\n|move|p1a: Amoonguss|Protect|p1a: Amoonguss\n|-singleturn|p1a: Amoonguss|Protect\n|move|p2a: Rillaboom|Wood Hammer|p1b: Ceruledge\n|-resisted|p1b: Ceruledge\n|-damage|p1b: Ceruledge|26/100\n|-damage|p2a: Rillaboom|81/100|[from] Recoil\n|move|p1b: Ceruledge|Bitter Blade|p2a: Rillaboom\n|-supereffective|p2a: Rillaboom\n|-damage|p2a: Rillaboom|0 fnt\n|-heal|p1b: Ceruledge|71/100|[from] drain|[of] p2a: Rillaboom\n|faint|p2a: Rillaboom\n|move|p2b: Incineroar|Flare Blitz|p1a: Amoonguss\n|-activate|p1a: Amoonguss|move: Protect\n|\n|-heal|p1b: Ceruledge|77/100|[from] Grassy Terrain\n|-heal|p2b: Incineroar|41/100|[from] Grassy Terrain\n|-heal|p1a: Amoonguss|58/100 brn|[from] Grassy Terrain\n|-damage|p1a: Amoonguss|52/100 brn|[from] brn\n|-fieldend|move: Grassy Terrain\n|upkeep\n|\n|t:|1735743547\n|switch|p2a: Whimsicott|Whimsicott, L50, F|1/100\n|turn|9\n|inactive|Popeye1 has 30 seconds left.\n|\n|t:|1735743574\n|move|p1a: Amoonguss|Rage Powder|p1a: Amoonguss\n|-singleturn|p1a: Amoonguss|move: Rage Powder\n|move|p2a: Whimsicott|Tailwind|p2a: Whimsicott\n|-sidestart|p2: sean_Choi123|move: Tailwind\n|move|p1b: Ceruledge|Shadow Sneak|p2a: Whimsicott\n|-damage|p2a: Whimsicott|0 fnt\n|faint|p2a: Whimsicott\n|move|p2b: Incineroar|Knock Off|p1a: Amoonguss\n|-damage|p1a: Amoonguss|33/100 brn\n|\n|-damage|p1a: Amoonguss|27/100 brn|[from] brn\n|upkeep\n|\n|t:|1735743579\n|switch|p2a: Typhlosion|Typhlosion, L50, F|89/100\n|turn|10\n|\n|t:|1735743600\n|move|p1a: Amoonguss|Rage Powder|p1a: Amoonguss\n|-singleturn|p1a: Amoonguss|move: Rage Powder\n|move|p2a: Typhlosion|Shadow Ball|p1a: Amoonguss\n|-damage|p1a: Amoonguss|2/100 brn\n|move|p2b: Incineroar|Knock Off|p1a: Amoonguss\n|-damage|p1a: Amoonguss|0 fnt\n|faint|p1a: Amoonguss\n|move|p1b: Ceruledge|Poltergeist|p2a: Typhlosion\n|-activate|p2a: Typhlosion|move: Poltergeist|Charcoal\n|-damage|p2a: Typhlosion|30/100\n|\n|upkeep\n|\n|t:|1735743606\n|switch|p1a: Gallade|Gallade, L50, M|100/100\n|turn|11\n|inactive|Popeye1 has 30 seconds left.\n|\n|t:|1735743633\n|move|p2a: Typhlosion|Shadow Ball|p1a: Gallade\n|-supereffective|p1a: Gallade\n|-damage|p1a: Gallade|50/100\n|move|p1a: Gallade|Sacred Sword|p2b: Incineroar\n|-supereffective|p2b: Incineroar\n|-damage|p2b: Incineroar|0 fnt\n|faint|p2b: Incineroar\n|move|p1b: Ceruledge|Poltergeist|p2a: Typhlosion|[miss]\n|-miss|p1b: Ceruledge|p2a: Typhlosion\n|\n|upkeep\n|turn|12\n|\n|t:|1735743646\n|move|p2a: Typhlosion|Shadow Ball|p1a: Gallade\n|-supereffective|p1a: Gallade\n|-damage|p1a: Gallade|0 fnt\n|faint|p1a: Gallade\n|move|p1b: Ceruledge|Poltergeist|p2a: Typhlosion\n|-activate|p2a: Typhlosion|move: Poltergeist|Charcoal\n|-damage|p2a: Typhlosion|0 fnt\n|faint|p2a: Typhlosion\n|\n|win|Popeye1\n|raw|Popeye1's rating: 1490 &rarr; <strong>1511</strong><br />(+21 for winning)\n|raw|sean_Choi123's rating: 1502 &rarr; <strong>1481</strong><br />(-21 for losing)\n|l|\u2606Popeye1\n|player|p1|\n",
  "uploadtime": 1735743905,
  "views": 121,
  "formatid": "gen9vgc2024regh",
  "rating": 1481,
  "private": 0,
  "password": null
}