{
  "id": "gen9vgc2024regh-2273165771",
  "format": "[Gen 9] VGC 2024 Reg H",
  "players": [
    "yollaxi",
    "Nowersito"
  ],
  "log": "|j|\u2606yollaxi\n|j|\u2606Nowersito\n|t:|1735743666\n|gametype|doubles\n|player|p1|yollaxi|pokemonranger|1172\n|player|p2|Nowersito|101|1139\n|teamsize|p1|4\n|teamsize|p2|6\n|gen|9\n|tier|[Gen 9] VGC 2024 Reg H\n|rated|\n|rule|Species Clause: Limit one of each Pok\u00e9mon\n|rule|Item Clause: Limit 1 of each item\n|clearpoke\n|poke|p1|Tsareena, L50, F|\n|poke|p1|Arboliva, L50, F|\n|poke|p1|Petilil, L50, F|\n|poke|p1|Sudowoodo, L50, F|\n|poke|p2|Toedscruel, L50, F|\n|poke|p2|Weezing-Galar, L50, M|\n|poke|p2|Pawmot, L50, M|\n|poke|p2|Corviknight, L50, M|\n|poke|p2|Garchomp, L50, M|\n|poke|p2|Typhlosion-Hisui, L50, M|\n|teampreview|4\n|inactive|Battle timer is ON: inactive players will automatically lose when time's up. (requested by yollaxi)\nNowersito has agreed to open team sheets.\n|inactive|Nowersito has 60 seconds left.\nyollaxi has agreed to open team sheets.\n|showteam|p1|Tsareena||AssaultVest|QueenlyMajesty|KnockOff,HighJumpKick,GrassyGlide,PetalBlizzard|||F|||50|,,,,,Dark]Arboliva||SitrusBerry|SeedSower|TeraBlast,Growth,GigaDrain,EarthPower|||F|||50|,,,,,Fire]Petilil||FocusSash|Chlorophyll|AfterYou,LeechSeed,SunnyDay,SleepPowder|||F|||50|,,,,,Grass]Sudowoodo||Leftovers|Sturdy|BodyPress,Curse,RockSlide,SuckerPunch|||F|||50|,,,,,Ghost\n|showteam|p2|Toedscruel||CovertCloak|MyceliumMight|RagePowder,Spore,EarthPower,AcidSpray|||F|||50|,,,,,Water]Weezing-Galar||ChoiceSpecs|NeutralizingGas|StrangeSteam,SludgeBomb,DazzlingGleam,Flamethrower|||M|||50|,,,,,Fire]Pawmot||FocusSash|NaturalCure|Protect,CloseCombat,DoubleShock,FakeOut|||M|||50|,,,,,Electric]Corviknight||SitrusBerry|MirrorArmor|BraveBird,Tailwind,Protect,Roost|||M|||50|,,,,,Dragon]Garchomp||LifeOrb|RoughSkin|StompingTantrum,Protect,DragonClaw,Earthquake|||M|||50|,,,,,Ground]Typhlosion-Hisui||ChoiceScarf|Blaze|Eruption,ShadowBall,HeatWave,SleepTalk|||M|||50|,,,,,Fire\n|\n|t:|1735743713\n|start\n|switch|p1a: Arboliva|Arboliva, L50, F|100/100\n|switch|p1b: Petilil|Petilil, L50, F|100/100\n|switch|p2a: Toedscruel|Toedscruel, L50, F, shiny|100/100\n|switch|p2b: Weezing|Weezing-Galar, L50, M|100/100\n|-ability|p2b: Weezing|Neutralizing Gas\n|turn|1\n|inactive|Nowersito has 30 seconds left.\n|inactive|Nowersito has 20 seconds left.\n|inactive|Nowersito has 15 seconds left.\n|\n|t:|1735743755\n|switch|p2a: Typhlosion|Typhlosion-Hisui, L50, M, shiny|100/100\n|-terastallize|p2b: Weezing|Fire\n|-terastallize|p1a: Arboliva|Fire\n|move|p1b: Petilil|Sleep Powder|p2b: Weezing\n|-status|p2b: Weezing|slp|[from] move: Sleep Powder\n|cant|p2b: Weezing|slp\n|move|p1a: Arboliva|Tera Blast|p2a: Typhlosion|[anim] Tera Blast Fire\n|-resisted|p2a: Typhlosion\n|-damage|p2a: Typhlosion|73/100\n|\n|upkeep\n|turn|2\n|\n|t:|1735743777\n|move|p2a: Typhlosion|Eruption|p1b: Petilil|[spread] p1a,p1b\n|-resisted|p1a: Arboliva\n|-supereffective|p1b: Petilil\n|-damage|p1a: Arboliva|82/100\n|-enditem|p1b: Petilil|Focus Sash\n|-damage|p1b: Petilil|1/100\n|cant|p2b: Weezing|slp\n|move|p1b: Petilil|Leech Seed|p2b: Weezing\n|-start|p2b: Weezing|move: Leech Seed\n|move|p1a: Arboliva|Earth Power|p2a: Typhlosion\n|-supereffective|p2a: Typhlosion\n|-damage|p2a: Typhlosion|0 fnt\n|faint|p2a: Typhlosion\n|\n|-damage|p2b: Weezing|88/100 slp|[from] Leech Seed|[of] p1b: Petilil\n|-heal|p1b: Petilil|14/100|[silent]\n|upkeep\n|\n|t:|1735743794\n|switch|p2a: Chisus|Garchomp, L50, M|100/100\n|turn|3\n|\n|t:|1735743812\n|-end|p2b: Weezing|ability: Neutralizing Gas\n|switch|p2b: Toedscruel|Toedscruel, L50, F, shiny|100/100\n|move|p2a: Chisus|Earthquake|p1a: Arboliva|[spread] p2b,p1a,p1b\n|-resisted|p2b: Toedscruel\n|-supereffective|p1a: Arboliva\n|-resisted|p1b: Petilil\n|-damage|p2b: Toedscruel|67/100\n|-damage|p1a: Arboliva|0 fnt\n|-damage|p1b: Petilil|0 fnt\n|-fieldstart|move: Grassy Terrain|[from] ability: Seed Sower|[of] p1a: Arboliva\n|faint|p1a: Arboliva\n|faint|p1b: Petilil\n|-damage|p2a: Chisus|91/100|[from] item: Life Orb\n|\n|-heal|p2a: Chisus|97/100|[from] Grassy Terrain\n|-heal|p2b: Toedscruel|73/100|[from] Grassy Terrain\n|upkeep\n|\n|t:|1735743819\n|switch|p1b: Sudowoodo|Sudowoodo, L50, F|100/100\n|switch|p1a: Tsareena|Tsareena, L50, F|100/100\n|turn|4\n|inactive|Nowersito has 30 seconds left.\n|\n|t:|1735743844\n|move|p2a: Chisus|Stomping Tantrum|p1b: Sudowoodo\n|-supereffective|p1b: Sudowoodo\n|-damage|p1b: Sudowoodo|14/100\n|-damage|p2a: Chisus|87/100|[from] item: Life Orb\n|move|p1a: Tsareena|Knock Off|p2b: Toedscruel\n|-damage|p2b: Toedscruel|28/100\n|-enditem|p2b: Toedscruel|Covert Cloak|[from] move: Knock Off|[of] p1a: Tsareena\n|move|p1b: Sudowoodo|Curse|p1b: Sudowoodo\n|-unboost|p1b: Sudowoodo|spe|1\n|-boost|p1b: Sudowoodo|atk|1\n|-boost|p1b: Sudowoodo|def|1\n|move|p2b: Toedscruel|Spore|p1b: Sudowoodo\n|-status|p1b: Sudowoodo|slp|[from] move: Spore\n|\n|-heal|p2a: Chisus|93/100|[from] Grassy Terrain\n|-heal|p2b: Toedscruel|34/100|[from] Grassy Terrain\n|-heal|p1b: Sudowoodo|20/100 slp|[from] Grassy Terrain\n|-heal|p1b: Sudowoodo|27/100 slp|[from] item: Leftovers\n|upkeep\n|turn|5\n|c|\u2606yollaxi|use your own team\n|inactive|Nowersito has 30 seconds left.\n|\n|t:|1735743870\n|switch|p2b: Weezing|Weezing-Galar, L50, M, tera:Fire|88/100 slp\n|-ability|p2b: Weezing|Neutralizing Gas\n|move|p1a: Tsareena|Grassy Glide|p2b: Weezing\n|-resisted|p2b: Weezing\n|-damage|p2b: Weezing|70/100 slp\n|move|p2a: Chisus|Dragon Claw|p1a: Tsareena\n|-damage|p1a: Tsareena|39/100\n|-damage|p2a: Chisus|83/100|[from] item: Life Orb\n|cant|p1b: Sudowoodo|slp\n|\n|-heal|p2a: Chisus|89/100|[from] Grassy Terrain\n|-heal|p1a: Tsareena|45/100|[from] Grassy Terrain\n|-heal|p2b: Weezing|75/100 slp|[from] Grassy Terrain\n|-heal|p1b: Sudowoodo|33/100 slp|[from] Grassy Terrain\n|-heal|p1b: Sudowoodo|39/100 slp|[from] item: Leftovers\n|upkeep\n|turn|6\n|inactive|Nowersito has 30 seconds left.\n|\n|t:|1735743900\n|move|p2a: Chisus|Stomping Tantrum|p1b: Sudowoodo\n|-supereffective|p1b: Sudowoodo\n|-damage|p1b: Sudowoodo|0 fnt\n|faint|p1b: Sudowoodo\n|-damage|p2a: Chisus|79/100|[from] item: Life Orb\n|move|p1a: Tsareena|Knock Off|p2b: Weezing\n|-damage|p2b: Weezing|40/100 slp\n|-enditem|p2b: Weezing|Choice Specs|[from] move: Knock Off|[of] p1a: Tsareena\n|cant|p2b: Weezing|slp\n|\n|-heal|p2a: Chisus|85/100|[from] Grassy Terrain\n|-heal|p1a: Tsareena|50/100|[from] Grassy Terrain\n|-heal|p2b: Weezing|46/100 slp|[from] Grassy Terrain\n|upkeep\n|turn|7\n|inactive|Nowersito has 30 seconds left.\n|\n|t:|1735743926\n|-end|p2b: Weezing|ability: Neutralizing Gas\n|switch|p2b: Toedscruel|Toedscruel, L50, F, shiny|34/100\n|move|p2a: Chisus|Dragon Claw|p1a: Tsareena\n|-damage|p1a: Tsareena|0 fnt\n|faint|p1a: Tsareena\n|-damage|p2a: Chisus|75/100|[from] item: Life Orb\n|\n|win|Nowersito\n|raw|yollaxi's rating: 1172 &rarr; <strong>1145</strong><br />(-27 for losing)\n|raw|Nowersito's rating: 1139 &rarr; <strong>1166</strong><br />(+27 for winning)\n|l|\u2606Nowersito\n|player|p2|\n|l|\u2606yollaxi\n|player|p1|\n",
  "uploadtime": 1735744320,
  "views": 132,
  "formatid": "gen9vgc2024regh",
  "rating": 1145,
  "private": 0,
  "password": null
}