{
  "id": "gen9vgc2024regh-2273195572",
  "format": "[Gen 9] VGC 2024 Reg H",
  "players": [
    "pipa21",
    "SniffLazer"
  ],
  "log": "|j|\u2606pipa21\n|j|\u2606SniffLazer\n|t:|1735748367\n|gametype|doubles\n|player|p1|pipa21|red|1268\n|player|p2|SniffLazer|1|1251\n|teamsize|p1|6\n|teamsize|p2|6\n|gen|9\n|tier|[Gen 9] VGC 2024 Reg H\n|rated|\n|rule|Species Clause: Limit one of each Pok\u00e9mon\n|rule|Item Clause: Limit 1 of each item\n|clearpoke\n|poke|p1|Baxcalibur, L50, F|\n|poke|p1|Volcarona, L50, M|\n|poke|p1|Ninetales-Alola, L50, F|\n|poke|p1|Rillaboom, L50, F|\n|poke|p1|Talonflame, L50, F|\n|poke|p1|Kingambit, L50, F|\n|poke|p2|Glimmora, L50, M|\n|poke|p2|Ursaluna-Bloodmoon, L50, M|\n|poke|p2|Farigiraf, L50, M|\n|poke|p2|Amoonguss, L50, M|\n|poke|p2|Sinistcha, L50|\n|poke|p2|Quaquaval, L50, F|\n|teampreview|4\n|\n|t:|1735748394\n|start\n|switch|p1a: Ninetales|Ninetales-Alola, L50, F|100/100\n|switch|p1b: Baxcalibur|Baxcalibur, L50, F|100/100\n|switch|p2a: Glimmora|Glimmora, L50, M|100/100\n|switch|p2b: Farigiraf|Farigiraf, L50, M|100/100\n|-weather|Snow|[from] ability: Snow Warning|[of] p1a: Ninetales\n|turn|1\n|\n|t:|1735748411\n|move|p2b: Farigiraf|Helping Hand|p2a: Glimmora\n|-singleturn|p2a: Glimmora|Helping Hand|[of] p2b: Farigiraf\n|move|p1a: Ninetales|Aurora Veil|p1a: Ninetales\n|-sidestart|p1: pipa21|move: Aurora Veil\n|move|p1b: Baxcalibur|Icicle Spear|p2b: Farigiraf\n|-damage|p2b: Farigiraf|85/100\n|-damage|p2b: Farigiraf|71/100\n|-damage|p2b: Farigiraf|55/100\n|-damage|p2b: Farigiraf|40/100\n|-damage|p2b: Farigiraf|26/100\n|-hitcount|p2b: Farigiraf|5\n|move|p2a: Glimmora|Meteor Beam||[still]\n|-prepare|p2a: Glimmora|Meteor Beam\n|-boost|p2a: Glimmora|spa|1\n|-enditem|p2a: Glimmora|Power Herb\n|-anim|p2a: Glimmora|Meteor Beam|p1a: Ninetales\n|-supereffective|p1a: Ninetales\n|-damage|p1a: Ninetales|0 fnt\n|faint|p1a: Ninetales\n|\n|-weather|Snow|[upkeep]\n|upkeep\n|\n|t:|1735748436\n|switch|p1a: Volcarona|Volcarona, L50, M|100/100\n|turn|2\n|\n|t:|1735748449\n|-terastallize|p1a: Volcarona|Water\n|move|p2a: Glimmora|Spiky Shield|p2a: Glimmora\n|-singleturn|p2a: Glimmora|move: Protect\n|move|p1b: Baxcalibur|Scale Shot|p2b: Farigiraf\n|-damage|p2b: Farigiraf|12/100\n|-damage|p2b: Farigiraf|0 fnt\n|faint|p2b: Farigiraf\n|-hitcount|p2: Farigiraf|2\n|-unboost|p1b: Baxcalibur|def|1\n|-boost|p1b: Baxcalibur|spe|1\n|move|p1a: Volcarona|Quiver Dance|p1a: Volcarona\n|-boost|p1a: Volcarona|spa|1\n|-boost|p1a: Volcarona|spd|1\n|-boost|p1a: Volcarona|spe|1\n|\n|-weather|Snow|[upkeep]\n|upkeep\n|inactive|Battle timer is ON: inactive players will automatically lose when time's up. (requested by pipa21)\n|\n|t:|1735748466\n|switch|p2b: Amoonguss|Amoonguss, L50, M|100/100\n|turn|3\n|inactive|SniffLazer has 30 seconds left.\n|\n|t:|1735748494\n|move|p1b: Baxcalibur|Icicle Spear|p2b: Amoonguss\n|-supereffective|p2b: Amoonguss\n|-damage|p2b: Amoonguss|75/100\n|-supereffective|p2b: Amoonguss\n|-damage|p2b: Amoonguss|53/100\n|-supereffective|p2b: Amoonguss\n|-damage|p2b: Amoonguss|30/100\n|-enditem|p2b: Amoonguss|Sitrus Berry|[eat]\n|-heal|p2b: Amoonguss|55/100|[from] item: Sitrus Berry\n|-supereffective|p2b: Amoonguss\n|-damage|p2b: Amoonguss|29/100\n|-hitcount|p2b: Amoonguss|4\n|move|p1a: Volcarona|Heat Wave|p2a: Glimmora|[spread] p2a,p2b\n|-resisted|p2a: Glimmora\n|-supereffective|p2b: Amoonguss\n|-damage|p2a: Glimmora|72/100\n|-damage|p2b: Amoonguss|0 fnt\n|faint|p2b: Amoonguss\n|move|p2a: Glimmora|Sludge Bomb|p1a: Volcarona\n|-damage|p1a: Volcarona|71/100\n|\n|-weather|Snow|[upkeep]\n|upkeep\n|\n|t:|1735748510\n|switch|p2b: Ursaluna|Ursaluna-Bloodmoon, L50, M|100/100\n|turn|4\n|\n|t:|1735748523\n|-terastallize|p2b: Ursaluna|Normal\n|move|p2a: Glimmora|Spiky Shield|p2a: Glimmora\n|-singleturn|p2a: Glimmora|move: Protect\n|move|p1b: Baxcalibur|Icicle Spear|p2b: Ursaluna\n|-damage|p2b: Ursaluna|89/100\n|-damage|p2b: Ursaluna|78/100\n|-damage|p2b: Ursaluna|67/100\n|-crit|p2b: Ursaluna\n|-damage|p2b: Ursaluna|48/100\n|-damage|p2b: Ursaluna|36/100\n|-hitcount|p2b: Ursaluna|5\n|move|p1a: Volcarona|Tera Blast|p2b: Ursaluna|[anim] Tera Blast Water\n|-damage|p2b: Ursaluna|0 fnt\n|faint|p2b: Ursaluna\n|\n|-weather|Snow|[upkeep]\n|upkeep\n|turn|5\n|c|\u2606SniffLazer|luck carried\n|-message|SniffLazer forfeited.\n|\n|win|pipa21\n|raw|pipa21's rating: 1268 &rarr; <strong>1292</strong><br />(+24 for winning)\n|raw|SniffLazer's rating: 1251 &rarr; <strong>1227</strong><br />(-24 for losing)\n|l|\u2606SniffLazer\n|player|p2|\n|c|\u2606pipa21|luck?\n|l|\u2606pipa21\n|player|p1|\n",
  "uploadtime": 1735748889,
  "views": 117,
  "formatid": "gen9vgc2024regh",
  "rating": 1227,
  "private": 0,
  "password": null
}