{
  "id": "gen9vgc2024regh-2273115608",
  "format": "[Gen 9] VGC 2024 Reg H",
  "players": [
    "pog poggersen",
    "S~dragon335"
  ],
  "log": "|j|\u2606pog poggersen\n|j|\u2606S~dragon335\n|t:|1735733745\n|gametype|doubles\n|player|p1|pog poggersen|ltsurge|1324\n|player|p2|S~dragon335|pokemaniac|1334\n|teamsize|p1|6\n|teamsize|p2|6\n|gen|9\n|tier|[Gen 9] VGC 2024 Reg H\n|rated|\n|rule|Species Clause: Limit one of each Pok\u00e9mon\n|rule|Item Clause: Limit 1 of each item\n|clearpoke\n|poke|p1|Dondozo, L50, M|\n|poke|p1|Tatsugiri, L50, F|\n|poke|p1|Raichu, L50, F|\n|poke|p1|Sinistcha, L50|\n|poke|p1|Salazzle, L50, F|\n|poke|p1|Kommo-o, L50, F|\n|poke|p2|Skeledirge, L50, M|\n|poke|p2|Hydreigon, L50, M|\n|poke|p2|Farigiraf, L50, M|\n|poke|p2|Garchomp, L50, M|\n|poke|p2|Ninetales-Alola, L50, F|\n|poke|p2|Corviknight, L50, M|\n|teampreview|4\n|inactive|Battle timer is ON: inactive players will automatically lose when time's up. (requested by pog poggersen)\n|inactive|S~dragon335 also wants the timer to be on.\n|inactive|pog poggersen has 60 seconds left.\n|inactive|S~dragon335 has 60 seconds left.\n|\n|t:|1735733791\n|start\n|switch|p1a: Salazzle|Salazzle, L50, F|100/100\n|switch|p1b: Kommo-o|Kommo-o, L50, F|100/100\n|switch|p2a: Farigiraf|Farigiraf, L50, M|100/100\n|switch|p2b: Hydreigon|Hydreigon, L50, M|100/100\n|turn|1\n|\n|t:|1735733807\n|move|p1b: Kommo-o|Protect|p1b: Kommo-o\n|-singleturn|p1b: Kommo-o|Protect\n|move|p1a: Salazzle|Poison Gas|p2b: Hydreigon|[spread] p2a,p2b\n|-status|p2a: Farigiraf|psn\n|-status|p2b: Hydreigon|psn\n|move|p2b: Hydreigon|Focus Energy|p2b: Hydreigon\n|-start|p2b: Hydreigon|move: Focus Energy\n|move|p2a: Farigiraf|Psychic|p1a: Salazzle\n|-supereffective|p1a: Salazzle\n|-damage|p1a: Salazzle|0 fnt\n|faint|p1a: Salazzle\n|\n|-damage|p2b: Hydreigon|88/100 psn|[from] psn\n|-damage|p2a: Farigiraf|88/100 psn|[from] psn\n|upkeep\n|\n|t:|1735733817\n|switch|p1a: Raichu|Raichu, L50, F|100/100\n|turn|2\n|\n|t:|1735733832\n|-terastallize|p1b: Kommo-o|Steel\n|move|p2a: Farigiraf|Ally Switch|p2a: Farigiraf\n|swap|p2a: Farigiraf|1|[from] move: Ally Switch\n|move|p1a: Raichu|Electroweb|p2b: Farigiraf|[spread] p2a,p2b\n|-resisted|p2a: Hydreigon\n|-damage|p2a: Hydreigon|81/100 psn\n|-damage|p2b: Farigiraf|76/100 psn\n|-unboost|p2a: Hydreigon|spe|1\n|-unboost|p2b: Farigiraf|spe|1\n|move|p1b: Kommo-o|Clangorous Soul|p1b: Kommo-o\n|-boost|p1b: Kommo-o|atk|1\n|-boost|p1b: Kommo-o|def|1\n|-boost|p1b: Kommo-o|spa|1\n|-boost|p1b: Kommo-o|spd|1\n|-boost|p1b: Kommo-o|spe|1\n|-damage|p1b: Kommo-o|68/100\n|-enditem|p1b: Kommo-o|Throat Spray\n|-boost|p1b: Kommo-o|spa|1|[from] item: Throat Spray\n|move|p2a: Hydreigon|Draco Meteor|p1b: Kommo-o\n|-resisted|p1b: Kommo-o\n|-crit|p1b: Kommo-o\n|-damage|p1b: Kommo-o|17/100\n|-unboost|p2a: Hydreigon|spa|2\n|\n|-damage|p2a: Hydreigon|69/100 psn|[from] psn\n|-damage|p2b: Farigiraf|64/100 psn|[from] psn\n|upkeep\n|turn|3\n|inactive|pog poggersen has 30 seconds left.\n|\n|t:|1735733857\n|-terastallize|p2b: Farigiraf|Fairy\n|move|p2a: Hydreigon|Protect|p2a: Hydreigon\n|-singleturn|p2a: Hydreigon|Protect\n|move|p1b: Kommo-o|Clanging Scales|p2a: Hydreigon|[spread] \n|-activate|p2a: Hydreigon|move: Protect\n|-immune|p2b: Farigiraf\n|move|p1a: Raichu|Volt Switch|p2a: Hydreigon\n|-activate|p2a: Hydreigon|move: Protect\n|move|p2b: Farigiraf|Trick Room|p2b: Farigiraf\n|-fieldstart|move: Trick Room|[of] p2b: Farigiraf\n|\n|-damage|p2b: Farigiraf|51/100 psn|[from] psn\n|-damage|p2a: Hydreigon|56/100 psn|[from] psn\n|upkeep\n|turn|4\n|\n|t:|1735733885\n|move|p1b: Kommo-o|Protect|p1b: Kommo-o\n|-singleturn|p1b: Kommo-o|Protect\n|move|p2b: Farigiraf|Psychic|p1a: Raichu\n|-damage|p1a: Raichu|66/100\n|move|p2a: Hydreigon|Draco Meteor|p1a: Raichu\n|-crit|p1a: Raichu\n|-damage|p1a: Raichu|0 fnt\n|-unboost|p2a: Hydreigon|spa|2\n|faint|p1a: Raichu\n|\n|-damage|p2b: Farigiraf|39/100 psn|[from] psn\n|-damage|p2a: Hydreigon|44/100 psn|[from] psn\n|upkeep\n|-enditem|p2b: Farigiraf|Sitrus Berry|[eat]\n|-heal|p2b: Farigiraf|64/100 psn|[from] item: Sitrus Berry\n|\n|t:|1735733891\n|switch|p1a: Sinistcha|Sinistcha, L50|100/100\n|-heal|p1b: Kommo-o|42/100|[from] ability: Hospitality|[of] p1a: Sinistcha\n|turn|5\n|inactive|pog poggersen has 30 seconds left.\n|\n|t:|1735733919\n|move|p2b: Farigiraf|Helping Hand|p2a: Hydreigon\n|-singleturn|p2a: Hydreigon|Helping Hand|[of] p2b: Farigiraf\n|move|p1a: Sinistcha|Matcha Gotcha|p2a: Hydreigon|[spread] p2b\n|-miss|p1a: Sinistcha|p2a: Hydreigon\n|-damage|p2b: Farigiraf|37/100 psn\n|move|p2a: Hydreigon|Dark Pulse|p1b: Kommo-o\n|-crit|p1b: Kommo-o\n|-damage|p1b: Kommo-o|0 fnt\n|faint|p1b: Kommo-o\n|\n|-damage|p2b: Farigiraf|25/100 psn|[from] psn\n|-damage|p2a: Hydreigon|32/100 psn|[from] psn\n|upkeep\n|turn|6\n|\n|t:|1735733931\n|move|p1a: Sinistcha|Protect|p1a: Sinistcha\n|-singleturn|p1a: Sinistcha|Protect\n|move|p2b: Farigiraf|Psychic|p1a: Sinistcha\n|-activate|p1a: Sinistcha|move: Protect\n|move|p2a: Hydreigon|Dark Pulse|p1a: Sinistcha\n|-activate|p1a: Sinistcha|move: Protect\n|\n|-damage|p2b: Farigiraf|12/100 psn|[from] psn\n|-damage|p2a: Hydreigon|19/100 psn|[from] psn\n|upkeep\n|turn|7\n|\n|t:|1735733936\n|move|p2b: Farigiraf|Psychic|p1a: Sinistcha\n|-damage|p1a: Sinistcha|62/100\n|-unboost|p1a: Sinistcha|spd|1\n|move|p1a: Sinistcha|Matcha Gotcha|p2a: Hydreigon|[spread] p2a,p2b\n|-resisted|p2a: Hydreigon\n|-damage|p2a: Hydreigon|3/100 psn\n|-heal|p1a: Sinistcha|70/100|[from] drain|[of] p2a: Hydreigon\n|-damage|p2b: Farigiraf|0 fnt\n|-heal|p1a: Sinistcha|76/100|[from] drain|[of] p2b: Farigiraf\n|faint|p2b: Farigiraf\n|move|p2a: Hydreigon|Dark Pulse|p1a: Sinistcha\n|-supereffective|p1a: Sinistcha\n|-crit|p1a: Sinistcha\n|-damage|p1a: Sinistcha|0 fnt\n|faint|p1a: Sinistcha\n|\n|win|S~dragon335\n|raw|pog poggersen's rating: 1324 &rarr; <strong>1305</strong><br />(-19 for losing)\n|raw|S~dragon335's rating: 1334 &rarr; <strong>1353</strong><br />(+19 for winning)\n|l|\u2606pog poggersen\n|player|p1|\n|l|\u2606S~dragon335\n|player|p2|\n",
  "uploadtime": 1735734337,
  "views": 32,
  "formatid": "gen9vgc2024regh",
  "rating": 1305,
  "private": 0,
  "password": null
}