{
  "id": "gen9vgc2024regh-2273119559",
  "format": "[Gen 9] VGC 2024 Reg H",
  "players": [
    "Zard6453",
    "Acco27"
  ],
  "log": "|j|\u2606Zard6453\n|j|\u2606Acco27\n|t:|1735734639\n|gametype|doubles\n|player|p1|Zard6453|1|1376\n|player|p2|Acco27|170|1537\n|teamsize|p1|6\n|teamsize|p2|6\n|gen|9\n|tier|[Gen 9] VGC 2024 Reg H\n|rated|\n|rule|Species Clause: Limit one of each Pok\u00e9mon\n|rule|Item Clause: Limit 1 of each item\n|clearpoke\n|poke|p1|Rabsca, L50, F|\n|poke|p1|Palafin, L50, M|\n|poke|p1|Sableye, L50, M|\n|poke|p1|Indeedee, L50, M|\n|poke|p1|Sneasler, L50, F|\n|poke|p1|Hydreigon, L50, M|\n|poke|p2|Pelipper, L50, M|\n|poke|p2|Basculegion, L50, M|\n|poke|p2|Archaludon, L50, M|\n|poke|p2|Electabuzz, L50, M|\n|poke|p2|Rillaboom, L50, M|\n|poke|p2|Incineroar, L50, M|\n|teampreview|4\n|inactive|Battle timer is ON: inactive players will automatically lose when time's up. (requested by Zard6453)\n|inactive|Acco27 has 60 seconds left.\n|\n|t:|1735734674\n|start\n|switch|p1a: Hydreigon|Hydreigon, L50, M|100/100\n|switch|p1b: Sableye|Sableye, L50, M|100/100\n|switch|p2a: Pelipper|Pelipper, L50, M|100/100\n|switch|p2b: Basculegion|Basculegion, L50, M, shiny|100/100\n|-weather|RainDance|[from] ability: Drizzle|[of] p2a: Pelipper\n|turn|1\n|inactive|Zard6453 has 30 seconds left.\n|\n|t:|1735734702\n|move|p1b: Sableye|Reflect|p1b: Sableye\n|-sidestart|p1: Zard6453|Reflect\n|move|p2b: Basculegion|Flip Turn|p1b: Sableye\n|-damage|p1b: Sableye|37/100\n|\n|t:|1735734707\n|switch|p2b: Electabuzz|Electabuzz, L50, M|100/100|[from] Flip Turn\n|move|p1a: Hydreigon|Focus Energy|p1a: Hydreigon\n|-start|p1a: Hydreigon|move: Focus Energy\n|move|p2a: Pelipper|Tailwind|p2a: Pelipper\n|-sidestart|p2: Acco27|move: Tailwind\n|\n|-weather|RainDance|[upkeep]\n|upkeep\n|turn|2\n|inactive|Zard6453 has 30 seconds left.\n|\n|t:|1735734735\n|move|p1b: Sableye|Light Screen|p1b: Sableye\n|-sidestart|p1: Zard6453|move: Light Screen\n|move|p2b: Electabuzz|Taunt|p1b: Sableye\n|-start|p1b: Sableye|move: Taunt\n|move|p2a: Pelipper|Weather Ball|p1b: Sableye\n|-damage|p1b: Sableye|0 fnt\n|faint|p1b: Sableye\n|move|p1a: Hydreigon|Draco Meteor|p2a: Pelipper\n|-crit|p2a: Pelipper\n|-enditem|p2a: Pelipper|Focus Sash\n|-damage|p2a: Pelipper|1/100\n|-unboost|p1a: Hydreigon|spa|2\n|\n|-weather|RainDance|[upkeep]\n|upkeep\n|\n|t:|1735734755\n|switch|p1b: Indeedee|Indeedee, L50, M|100/100\n|-fieldstart|move: Psychic Terrain|[from] ability: Psychic Surge|[of] p1b: Indeedee\n|turn|3\n|\n|t:|1735734775\n|move|p2b: Electabuzz|Helping Hand|p2a: Pelipper\n|-singleturn|p2a: Pelipper|Helping Hand|[of] p2b: Electabuzz\n|move|p2a: Pelipper|Weather Ball|p1b: Indeedee\n|-damage|p1b: Indeedee|13/100\n|move|p1b: Indeedee|Tera Blast|p2b: Electabuzz\n|-damage|p2b: Electabuzz|77/100\n|move|p1a: Hydreigon|Dark Pulse|p2a: Pelipper\n|-crit|p2a: Pelipper\n|-damage|p2a: Pelipper|0 fnt\n|faint|p2a: Pelipper\n|\n|-weather|RainDance|[upkeep]\n|upkeep\n|\n|t:|1735734800\n|switch|p2a: Archaludon|Archaludon, L50, M|100/100\n|turn|4\n|\n|t:|1735734818\n|-terastallize|p1a: Hydreigon|Electric\n|move|p2b: Electabuzz|Follow Me|p2b: Electabuzz\n|-singleturn|p2b: Electabuzz|move: Follow Me\n|move|p2a: Archaludon|Electro Shot||[still]\n|-prepare|p2a: Archaludon|Electro Shot\n|-boost|p2a: Archaludon|spa|1\n|-anim|p2a: Archaludon|Electro Shot|p1b: Indeedee\n|-damage|p1b: Indeedee|0 fnt\n|faint|p1b: Indeedee\n|move|p1a: Hydreigon|Draco Meteor|p2b: Electabuzz\n|-crit|p2b: Electabuzz\n|-damage|p2b: Electabuzz|12/100\n|-unboost|p1a: Hydreigon|spa|2\n|\n|-weather|RainDance|[upkeep]\n|-sideend|p2: Acco27|move: Tailwind\n|upkeep\n|\n|t:|1735734825\n|switch|p1b: Sneasler|Sneasler, L50, F|100/100\n|-ability|p1b: Sneasler|Pressure\n|-enditem|p1b: Sneasler|Psychic Seed\n|-boost|p1b: Sneasler|spd|1|[from] item: Psychic Seed\n|turn|5\n|inactive|Acco27 has 30 seconds left.\n|\n|t:|1735734859\n|move|p2b: Electabuzz|Follow Me|p2b: Electabuzz\n|-singleturn|p2b: Electabuzz|move: Follow Me\n|move|p1b: Sneasler|Dire Claw|p2b: Electabuzz\n|-damage|p2b: Electabuzz|0 fnt\n|faint|p2b: Electabuzz\n|move|p1a: Hydreigon|Draco Meteor|p2a: Archaludon|[miss]\n|-miss|p1a: Hydreigon|p2a: Archaludon\n|move|p2a: Archaludon|Draco Meteor|p1a: Hydreigon\n|-damage|p1a: Hydreigon|35/100\n|-unboost|p2a: Archaludon|spa|2\n|\n|-weather|none\n|upkeep\n|\n|t:|1735734875\n|switch|p2b: Basculegion|Basculegion, L50, M, shiny|100/100\n|turn|6\n|inactive|Zard6453 has 30 seconds left.\n|inactive|Acco27 has 30 seconds left.\n|\n|t:|1735734905\n|-terastallize|p2a: Archaludon|Grass\n|move|p1b: Sneasler|Close Combat|p2a: Archaludon\n|-crit|p2a: Archaludon\n|-damage|p2a: Archaludon|28/100\n|-unboost|p1b: Sneasler|def|1\n|-unboost|p1b: Sneasler|spd|1\n|-ability|p2a: Archaludon|Stamina|boost\n|-boost|p2a: Archaludon|def|1\n|move|p1a: Hydreigon|Dark Pulse|p2b: Basculegion\n|-supereffective|p2b: Basculegion\n|-crit|p2b: Basculegion\n|-damage|p2b: Basculegion|0 fnt\n|faint|p2b: Basculegion\n|move|p2a: Archaludon|Body Press|p1a: Hydreigon\n|-damage|p1a: Hydreigon|10/100\n|\n|upkeep\n|turn|7\n|-message|Acco27 forfeited.\n|\n|win|Zard6453\n|raw|Zard6453's rating: 1376 &rarr; <strong>1405</strong><br />(+29 for winning)\n|raw|Acco27's rating: 1537 &rarr; <strong>1508</strong><br />(-29 for losing)\n|l|\u2606Acco27\n|player|p2|\n|l|\u2606Zard6453\n|player|p1|\n",
  "uploadtime": 1735735312,
  "views": 29,
  "formatid": "gen9vgc2024regh",
  "rating": 1405,
  "private": 0,
  "password": null
}