{
  "id": "gen9vgc2024regh-2273111807",
  "format": "[Gen 9] VGC 2024 Reg H",
  "players": [
    "inferno_on_top",
    "Shiftyboy"
  ],
  "log": "|j|\u2606inferno_on_top\n|j|\u2606Shiftyboy\n|t:|1735732857\n|gametype|doubles\n|player|p1|inferno_on_top|gentleman-gen4|1549\n|player|p2|Shiftyboy|cynthia-gen7|1447\n|teamsize|p1|6\n|teamsize|p2|6\n|gen|9\n|tier|[Gen 9] VGC 2024 Reg H\n|rated|\n|rule|Species Clause: Limit one of each Pok\u00e9mon\n|rule|Item Clause: Limit 1 of each item\n|clearpoke\n|poke|p1|Dragapult, L50, M|\n|poke|p1|Whimsicott, L50, M|\n|poke|p1|Archaludon, L50, M|\n|poke|p1|Dondozo, L50, M|\n|poke|p1|Tatsugiri, L50, F|\n|poke|p1|Dragonite, L50, M|\n|poke|p2|Archaludon, L50, M|\n|poke|p2|Pelipper, L50, F|\n|poke|p2|Sinistcha, L50|\n|poke|p2|Sneasler, L50, F|\n|poke|p2|Annihilape, L50, M|\n|poke|p2|Maushold, L50|\n|teampreview|4\n|inactive|Battle timer is ON: inactive players will automatically lose when time's up. (requested by inferno_on_top)\n|inactive|Shiftyboy has 60 seconds left.\n|\n|t:|1735732910\n|start\n|switch|p1a: Draga|Dragapult, L50, M|100/100\n|switch|p1b: Don|Archaludon, L50, M|100/100\n|switch|p2a: Sneasler|Sneasler, L50, F|100/100\n|switch|p2b: Archaludon|Archaludon, L50, M|100/100\n|turn|1\n|inactive|inferno_on_top has 30 seconds left.\n|inactive|inferno_on_top has 20 seconds left.\n|inactive|inferno_on_top has 15 seconds left.\n|inactive|inferno_on_top has 10 seconds left.\n|\n|t:|1735732957\n|move|p2a: Sneasler|Protect|p2a: Sneasler\n|-singleturn|p2a: Sneasler|Protect\n|move|p1a: Draga|Psychic Fangs|p2a: Sneasler\n|-activate|p2a: Sneasler|move: Protect\n|move|p1b: Don|Electro Shot||[still]\n|-prepare|p1b: Don|Electro Shot\n|-boost|p1b: Don|spa|1\n|-enditem|p1b: Don|Power Herb\n|-anim|p1b: Don|Electro Shot|p2b: Archaludon\n|-resisted|p2b: Archaludon\n|-damage|p2b: Archaludon|78/100\n|-ability|p2b: Archaludon|Stamina|boost\n|-boost|p2b: Archaludon|def|1\n|move|p2b: Archaludon|Draco Meteor|p1a: Draga\n|-supereffective|p1a: Draga\n|-damage|p1a: Draga|0 fnt\n|-unboost|p2b: Archaludon|spa|2\n|faint|p1a: Draga\n|\n|upkeep\n|\n|t:|1735732975\n|switch|p1a: Commander|Tatsugiri, L50, F|100/100\n|turn|2\n|\n|t:|1735732988\n|move|p1b: Don|Protect|p1b: Don\n|-singleturn|p1b: Don|Protect\n|move|p2a: Sneasler|Close Combat|p1b: Don\n|-activate|p1b: Don|move: Protect\n|move|p1a: Commander|Icy Wind|p2a: Sneasler|[spread] p2a,p2b\n|-damage|p2a: Sneasler|80/100\n|-damage|p2b: Archaludon|69/100\n|-unboost|p2a: Sneasler|spe|1\n|-unboost|p2b: Archaludon|spe|1\n|-ability|p2b: Archaludon|Stamina|boost\n|-boost|p2b: Archaludon|def|1\n|move|p2b: Archaludon|Body Press|p1b: Don\n|-activate|p1b: Don|move: Protect\n|\n|upkeep\n|turn|3\n|inactive|inferno_on_top has 30 seconds left.\n|inactive|inferno_on_top has 20 seconds left.\n|inactive|inferno_on_top has 15 seconds left.\n|inactive|inferno_on_top has 10 seconds left.\n|\n|t:|1735733037\n|-terastallize|p1b: Don|Electric\n|move|p2a: Sneasler|Protect|p2a: Sneasler\n|-singleturn|p2a: Sneasler|Protect\n|move|p1a: Commander|Draco Meteor|p2a: Sneasler\n|-activate|p2a: Sneasler|move: Protect\n|move|p1b: Don|Dragon Pulse|p2b: Archaludon\n|-damage|p2b: Archaludon|22/100\n|-ability|p2b: Archaludon|Stamina|boost\n|-boost|p2b: Archaludon|def|1\n|move|p2b: Archaludon|Body Press|p1b: Don\n|-damage|p1b: Don|49/100\n|\n|upkeep\n|turn|4\n|inactive|Shiftyboy has 30 seconds left.\n|inactive|Shiftyboy has 20 seconds left.\n|inactive|Shiftyboy has 15 seconds left.\n|\n|t:|1735733082\n|switch|p2b: Sinistcha|Sinistcha, L50|100/100\n|-heal|p2a: Sneasler|100/100|[from] ability: Hospitality|[of] p2b: Sinistcha\n|move|p1a: Commander|Draco Meteor|p2a: Sneasler\n|-enditem|p2a: Sneasler|Focus Sash\n|-damage|p2a: Sneasler|1/100\n|-unboost|p1a: Commander|spa|2\n|move|p2a: Sneasler|Close Combat|p1b: Don\n|-damage|p1b: Don|0 fnt\n|-unboost|p2a: Sneasler|def|1\n|-unboost|p2a: Sneasler|spd|1\n|faint|p1b: Don\n|\n|upkeep\n|\n|t:|1735733097\n|switch|p1b: Dozo|Dondozo, L50, M|100/100\n|-activate|p1a: Commander|ability: Commander|[of] p1b: Dozo\n|-boost|p1b: Dozo|atk|2\n|-boost|p1b: Dozo|spa|2\n|-boost|p1b: Dozo|spe|2\n|-boost|p1b: Dozo|def|2\n|-boost|p1b: Dozo|spd|2\n|turn|5\n|\n|t:|1735733112\n|move|p2a: Sneasler|Dire Claw|p1b: Dozo\n|-damage|p1b: Dozo|86/100\n|-status|p1b: Dozo|slp\n|cant|p1b: Dozo|slp\n|move|p2b: Sinistcha|Matcha Gotcha|p1b: Dozo|[spread] \n|-miss|p2b: Sinistcha|p1a: Commander\n|-miss|p2b: Sinistcha|p1b: Dozo\n|\n|upkeep\n|turn|6\n|-message|inferno_on_top forfeited.\n|\n|win|Shiftyboy\n|raw|inferno_on_top's rating: 1549 &rarr; <strong>1523</strong><br />(-26 for losing)\n|raw|Shiftyboy's rating: 1447 &rarr; <strong>1473</strong><br />(+26 for winning)\n|l|\u2606inferno_on_top\n|player|p1|\n|l|\u2606Shiftyboy\n|player|p2|\n",
  "uploadtime": 1735733500,
  "views": 22,
  "formatid": "gen9vgc2024regh",
  "rating": 1473,
  "private": 0,
  "password": null
}