{
  "id": "gen9vgc2024regh-2273141690",
  "format": "[Gen 9] VGC 2024 Reg H",
  "players": [
    "Jrzcvgc",
    "evolvingace21"
  ],
  "log": "|j|\u2606Jrzcvgc\n|j|\u2606evolvingace21\n|t:|1735739310\n|gametype|doubles\n|player|p1|Jrzcvgc|102|1451\n|player|p2|evolvingace21|grimsley|1367\n|teamsize|p1|6\n|teamsize|p2|6\n|gen|9\n|tier|[Gen 9] VGC 2024 Reg H\n|rated|\n|rule|Species Clause: Limit one of each Pok\u00e9mon\n|rule|Item Clause: Limit 1 of each item\n|clearpoke\n|poke|p1|Bruxish, L50, M|\n|poke|p1|Torkoal, L50, F|\n|poke|p1|Azumarill, L50, F|\n|poke|p1|Maushold-Four, L50|\n|poke|p1|Archaludon, L50, F|\n|poke|p1|Magmar, L50, M|\n|poke|p2|Ursaluna, L50, F|\n|poke|p2|Incineroar, L50, M|\n|poke|p2|Annihilape, L50, M|\n|poke|p2|Hydrapple, L50, F|\n|poke|p2|Gengar, L50, F|\n|poke|p2|Magnezone, L50|\n|teampreview|4\n|inactive|Battle timer is ON: inactive players will automatically lose when time's up. (requested by Jrzcvgc)\n|l|\u2606Jrzcvgc\n|inactive|Jrzcvgc disconnected and has a minute to reconnect!\n|player|p1|\n|\n|t:|1735739329\n|start\n|switch|p1a: Bruxish|Bruxish, L50, M|100/100\n|switch|p1b: Maushold|Maushold-Four, L50|100/100\n|switch|p2a: Gengar|Gengar, L50, F|100/100\n|switch|p2b: Magnezone|Magnezone, L50|100/100\n|turn|1\n|j|\u2606Jrzcvgc\n|inactive|Jrzcvgc reconnected and has 50 seconds left.\n|player|p1|Jrzcvgc|102|\n|\n|t:|1735739354\n|move|p1b: Maushold|Follow Me|p1b: Maushold\n|-singleturn|p1b: Maushold|move: Follow Me\n|move|p2b: Magnezone|Volt Switch|p1b: Maushold\n|-damage|p1b: Maushold|46/100\n|\n|t:|1735739363\n|switch|p2b: Hydrapple|Hydrapple, L50, F, shiny|100/100|[from] Volt Switch\n|-ability|p2b: Hydrapple|Supersweet Syrup\n|-unboost|p1a: Bruxish|evasion|1\n|-unboost|p1b: Maushold|evasion|1\n|move|p2a: Gengar|Trick Room|p2a: Gengar\n|-fieldstart|move: Trick Room|[of] p2a: Gengar\n|move|p1a: Bruxish|Trick Room|p1a: Bruxish\n|-fieldend|move: Trick Room\n|\n|upkeep\n|turn|2\n|inactive|evolvingace21 has 30 seconds left.\n|\n|t:|1735739389\n|move|p1a: Bruxish|Protect|p1a: Bruxish\n|-singleturn|p1a: Bruxish|Protect\n|move|p1b: Maushold|Population Bomb|p2b: Hydrapple|[miss]\n|-miss|p1b: Maushold|p2b: Hydrapple\n|move|p2a: Gengar|Sludge Bomb|p1b: Maushold\n|-damage|p1b: Maushold|0 fnt\n|faint|p1b: Maushold\n|move|p2b: Hydrapple|Leaf Storm|p1a: Bruxish\n|-activate|p1a: Bruxish|move: Protect\n|\n|upkeep\n|\n|t:|1735739400\n|switch|p1b: Torkoal|Torkoal, L50, F|100/100\n|-weather|SunnyDay|[from] ability: Drought|[of] p1b: Torkoal\n|turn|3\n|\n|t:|1735739421\n|move|p1b: Torkoal|Protect|p1b: Torkoal\n|-singleturn|p1b: Torkoal|Protect\n|move|p2a: Gengar|Sludge Bomb|p1b: Torkoal\n|-activate|p1b: Torkoal|move: Protect\n|move|p2b: Hydrapple|Leaf Storm|p1a: Bruxish\n|-supereffective|p1a: Bruxish\n|-enditem|p1a: Bruxish|Focus Sash\n|-damage|p1a: Bruxish|1/100\n|-unboost|p2b: Hydrapple|spa|2\n|move|p1a: Bruxish|Trick Room|p1a: Bruxish\n|-fieldstart|move: Trick Room|[of] p1a: Bruxish\n|\n|-weather|SunnyDay|[upkeep]\n|upkeep\n|turn|4\n|inactive|evolvingace21 has 30 seconds left.\n|\n|t:|1735739450\n|switch|p2b: Magnezone|Magnezone, L50|100/100\n|-terastallize|p1b: Torkoal|Fire\n|move|p1a: Bruxish|Aqua Jet|p1b: Torkoal\n|-supereffective|p1b: Torkoal\n|-damage|p1b: Torkoal|90/100\n|-enditem|p1b: Torkoal|Weakness Policy\n|-boost|p1b: Torkoal|atk|2|[from] item: Weakness Policy\n|-boost|p1b: Torkoal|spa|2|[from] item: Weakness Policy\n|move|p1b: Torkoal|Eruption|p2b: Magnezone|[spread] p2a,p2b\n|-supereffective|p2b: Magnezone\n|-enditem|p2a: Gengar|Focus Sash\n|-damage|p2a: Gengar|1/100\n|-ability|p2b: Magnezone|Sturdy\n|-damage|p2b: Magnezone|1/100\n|-enditem|p2b: Magnezone|Weakness Policy\n|-boost|p2b: Magnezone|atk|2|[from] item: Weakness Policy\n|-boost|p2b: Magnezone|spa|2|[from] item: Weakness Policy\n|move|p2a: Gengar|Dazzling Gleam|p1b: Torkoal|[spread] p1a,p1b\n|-resisted|p1b: Torkoal\n|-damage|p1a: Bruxish|0 fnt\n|-damage|p1b: Torkoal|76/100\n|faint|p1a: Bruxish\n|\n|-weather|SunnyDay|[upkeep]\n|upkeep\n|\n|t:|1735739464\n|switch|p1a: Azumarill|Azumarill, L50, F|100/100\n|turn|5\n|\n|t:|1735739487\n|move|p1b: Torkoal|Eruption|p2a: Gengar|[spread] p2a,p2b\n|-supereffective|p2b: Magnezone\n|-damage|p2a: Gengar|0 fnt\n|-damage|p2b: Magnezone|0 fnt\n|faint|p2a: Gengar\n|faint|p2b: Magnezone\n|move|p1a: Azumarill|Belly Drum|p1a: Azumarill\n|-damage|p1a: Azumarill|50/100\n|-setboost|p1a: Azumarill|atk|6|[from] move: Belly Drum\n|-enditem|p1a: Azumarill|Sitrus Berry|[eat]\n|-heal|p1a: Azumarill|75/100|[from] item: Sitrus Berry\n|\n|-weather|SunnyDay|[upkeep]\n|upkeep\n|\n|t:|1735739501\n|switch|p2b: Ursaluna|Ursaluna, L50, F|100/100\n|switch|p2a: Hydrapple|Hydrapple, L50, F, shiny|100/100\n|turn|6\n|l|\u2606Jrzcvgc\n|inactive|Jrzcvgc disconnected and has a minute to reconnect!\n|player|p1|\n|inactive|evolvingace21 has 30 seconds left.\n|\n|t:|1735739533\n|-terastallize|p2a: Hydrapple|Electric\n|move|p2b: Ursaluna|Protect|p2b: Ursaluna\n|-singleturn|p2b: Ursaluna|Protect\n|move|p1b: Torkoal|Eruption|p2a: Hydrapple|[spread] p2a\n|-activate|p2b: Ursaluna|move: Protect\n|-damage|p2a: Hydrapple|0 fnt\n|faint|p2a: Hydrapple\n|move|p1a: Azumarill|Play Rough|p2b: Ursaluna\n|-activate|p2b: Ursaluna|move: Protect\n|\n|-weather|SunnyDay|[upkeep]\n|-status|p2b: Ursaluna|brn|[from] item: Flame Orb\n|upkeep\n|turn|7\n|j|\u2606Jrzcvgc\n|inactive|Jrzcvgc reconnected and has 55 seconds left.\n|player|p1|Jrzcvgc|102|\n|inactive|Jrzcvgc has 30 seconds left.\n|\n|t:|1735739561\n|move|p2b: Ursaluna|Protect||[still]\n|-fail|p2b: Ursaluna\n|move|p1a: Azumarill|Aqua Jet|p2b: Ursaluna\n|-supereffective|p2b: Ursaluna\n|-damage|p2b: Ursaluna|29/100 brn\n|move|p1b: Torkoal|Eruption|p2b: Ursaluna\n|-damage|p2b: Ursaluna|0 fnt\n|faint|p2b: Ursaluna\n|\n|win|Jrzcvgc\n|raw|Jrzcvgc's rating: 1451 &rarr; <strong>1466</strong><br />(+15 for winning)\n|raw|evolvingace21's rating: 1367 &rarr; <strong>1352</strong><br />(-15 for losing)\n|l|\u2606Jrzcvgc\n|player|p1|\n|l|\u2606evolvingace21\n|player|p2|\n",
  "uploadtime": 1735739889,
  "views": 27,
  "formatid": "gen9vgc2024regh",
  "rating": 1352,
  "private": 0,
  "password": null
}