{
  "id": "gen9vgc2024regh-2273215425",
  "format": "[Gen 9] VGC 2024 Reg H",
  "players": [
    "syll0g1sm",
    "Alexander dragons"
  ],
  "log": "|j|\u2606syll0g1sm\n|j|\u2606Alexander dragons\n|t:|1735751201\n|gametype|doubles\n|player|p1|syll0g1sm|1|1185\n|player|p2|Alexander dragons|1|1144\n|teamsize|p1|6\n|teamsize|p2|6\n|gen|9\n|tier|[Gen 9] VGC 2024 Reg H\n|rated|\n|rule|Species Clause: Limit one of each Pok\u00e9mon\n|rule|Item Clause: Limit 1 of each item\n|clearpoke\n|poke|p1|Ursaluna, L50, M|\n|poke|p1|Exeggutor-Alola, L50, M|\n|poke|p1|Torkoal, L50, M|\n|poke|p1|Lilligant-Hisui, L50, F|\n|poke|p1|Sableye, L50, M|\n|poke|p1|Gallade, L50, M|\n|poke|p2|Gallade, L50, M|\n|poke|p2|Gholdengo, L50|\n|poke|p2|Ursaluna-Bloodmoon, L50, M|\n|poke|p2|Skeledirge, L50, M|\n|poke|p2|Salamence, L50, F|\n|poke|p2|Garchomp, L50, F|\n|teampreview|4\n|\n|t:|1735751244\n|start\n|switch|p1a: Lilligant|Lilligant-Hisui, L50, F|100/100\n|switch|p1b: Exeggutor|Exeggutor-Alola, L50, M|100/100\n|switch|p2a: Skeledirge|Skeledirge, L50, M|100/100\n|switch|p2b: Gallade|Gallade, L50, M|100/100\n|turn|1\n|inactive|Battle timer is ON: inactive players will automatically lose when time's up. (requested by Alexander dragons)\n|\n|t:|1735751270\n|-terastallize|p1b: Exeggutor|Water\n|move|p1a: Lilligant|After You|p1b: Exeggutor\n|-activate|p1b: Exeggutor|move: After You\n|move|p1b: Exeggutor|Trick Room|p1b: Exeggutor\n|-fieldstart|move: Trick Room|[of] p1b: Exeggutor\n|move|p2a: Skeledirge|Torch Song|p1a: Lilligant\n|-supereffective|p1a: Lilligant\n|-enditem|p1a: Lilligant|Focus Sash\n|-damage|p1a: Lilligant|1/100\n|-boost|p2a: Skeledirge|spa|1\n|move|p2b: Gallade|Sacred Sword|p1b: Exeggutor\n|-damage|p1b: Exeggutor|36/100\n|-enditem|p1b: Exeggutor|Sitrus Berry|[eat]\n|-heal|p1b: Exeggutor|61/100|[from] item: Sitrus Berry\n|\n|-item|p1b: Exeggutor|Sitrus Berry|[from] ability: Harvest\n|upkeep\n|turn|2\n|inactive|syll0g1sm has 30 seconds left.\n|\n|t:|1735751299\n|move|p1b: Exeggutor|Protect|p1b: Exeggutor\n|-singleturn|p1b: Exeggutor|Protect\n|move|p2a: Skeledirge|Torch Song|p1a: Lilligant\n|-supereffective|p1a: Lilligant\n|-damage|p1a: Lilligant|0 fnt\n|-boost|p2a: Skeledirge|spa|1\n|faint|p1a: Lilligant\n|move|p2b: Gallade|Leaf Blade|p1b: Exeggutor\n|-activate|p1b: Exeggutor|move: Protect\n|\n|upkeep\n|\n|t:|1735751311\n|switch|p1a: Ursaluna|Ursaluna, L50, M|100/100\n|turn|3\n|\n|t:|1735751327\n|-terastallize|p2a: Skeledirge|Grass\n|move|p1a: Ursaluna|Protect|p1a: Ursaluna\n|-singleturn|p1a: Ursaluna|Protect\n|move|p1b: Exeggutor|Dragon Pulse|p2b: Gallade\n|-crit|p2b: Gallade\n|-damage|p2b: Gallade|42/100\n|move|p2a: Skeledirge|Tera Blast|p1a: Ursaluna|[anim] Tera Blast Grass\n|-activate|p1a: Ursaluna|move: Protect\n|move|p2b: Gallade|Leaf Blade|p1b: Exeggutor\n|-supereffective|p1b: Exeggutor\n|-crit|p1b: Exeggutor\n|-damage|p1b: Exeggutor|0 fnt\n|faint|p1b: Exeggutor\n|\n|-status|p1a: Ursaluna|brn|[from] item: Flame Orb\n|upkeep\n|\n|t:|1735751341\n|switch|p1b: Torkoal|Torkoal, L50, M|100/100\n|-weather|SunnyDay|[from] ability: Drought|[of] p1b: Torkoal\n|turn|4\n|\n|t:|1735751355\n|move|p2b: Gallade|Protect|p2b: Gallade\n|-singleturn|p2b: Gallade|Protect\n|move|p1b: Torkoal|Eruption|p2a: Skeledirge|[spread] p2a\n|-activate|p2b: Gallade|move: Protect\n|-supereffective|p2a: Skeledirge\n|-damage|p2a: Skeledirge|0 fnt\n|faint|p2a: Skeledirge\n|move|p1a: Ursaluna|Facade|p2b: Gallade\n|-activate|p2b: Gallade|move: Protect\n|\n|-weather|SunnyDay|[upkeep]\n|-damage|p1a: Ursaluna|95/100 brn|[from] brn\n|upkeep\n|\n|t:|1735751371\n|switch|p2a: Ursaluna|Ursaluna-Bloodmoon, L50, M|100/100\n|turn|5\n|\n|t:|1735751382\n|move|p2a: Ursaluna|Protect|p2a: Ursaluna\n|-singleturn|p2a: Ursaluna|Protect\n|move|p1b: Torkoal|Eruption|p2a: Ursaluna|[spread] p2b\n|-activate|p2a: Ursaluna|move: Protect\n|-damage|p2b: Gallade|0 fnt\n|faint|p2b: Gallade\n|move|p1a: Ursaluna|Facade|p2a: Ursaluna\n|-activate|p2a: Ursaluna|move: Protect\n|\n|-weather|SunnyDay|[upkeep]\n|-damage|p1a: Ursaluna|89/100 brn|[from] brn\n|-fieldend|move: Trick Room\n|upkeep\n|\n|t:|1735751396\n|switch|p2b: Gholdengo|Gholdengo, L50|100/100\n|turn|6\n|\n|t:|1735751408\n|move|p2b: Gholdengo|Protect|p2b: Gholdengo\n|-singleturn|p2b: Gholdengo|Protect\n|move|p2a: Ursaluna|Earth Power|p1b: Torkoal\n|-supereffective|p1b: Torkoal\n|-damage|p1b: Torkoal|0 fnt\n|faint|p1b: Torkoal\n|move|p1a: Ursaluna|Headlong Rush|p2b: Gholdengo\n|-activate|p2b: Gholdengo|move: Protect\n|\n|-weather|SunnyDay|[upkeep]\n|-damage|p1a: Ursaluna|83/100 brn|[from] brn\n|upkeep\n|turn|7\n|-message|syll0g1sm forfeited.\n|\n|win|Alexander dragons\n|raw|syll0g1sm's rating: 1185 &rarr; <strong>1157</strong><br />(-28 for losing)\n|raw|Alexander dragons's rating: 1144 &rarr; <strong>1172</strong><br />(+28 for winning)\n|l|\u2606syll0g1sm\n|player|p1|\n|l|\u2606Alexander dragons\n|player|p2|\n",
  "uploadtime": 1735751797,
  "views": 335,
  "formatid": "gen9vgc2024regh",
  "rating": 1157,
  "private": 0,
  "password": null
}