{
  "id": "gen9vgc2024regh-2273104562",
  "format": "[Gen 9] VGC 2024 Reg H",
  "players": [
    "Scarabocchio",
    "proplayervip"
  ],
  "log": "|j|\u203dScarabocchio\n|j|\u2606proplayervip\n|t:|1735731081\n|gametype|doubles\n|player|p1|Scarabocchio|169|1096\n|player|p2|proplayervip|steven|1194\n|teamsize|p1|6\n|teamsize|p2|6\n|gen|9\n|tier|[Gen 9] VGC 2024 Reg H\n|rated|\n|rule|Species Clause: Limit one of each Pok\u00e9mon\n|rule|Item Clause: Limit 1 of each item\n|clearpoke\n|poke|p1|Torkoal, L50, M|\n|poke|p1|Jumpluff, L50, F|\n|poke|p1|Kommo-o, L50, F|\n|poke|p1|Corviknight, L50, F|\n|poke|p1|Bisharp, L50, F|\n|poke|p1|Chandelure, L50, M|\n|poke|p2|Murkrow, L50, M|\n|poke|p2|Gholdengo, L50|\n|poke|p2|Garchomp, L50, M|\n|poke|p2|Archaludon, L50, M|\n|poke|p2|Dragapult, L50, M|\n|poke|p2|Incineroar, L50, M|\n|teampreview|4\n|\n|t:|1735731101\n|start\n|switch|p1a: Corviknight|Corviknight, L50, F|100/100\n|switch|p1b: Bisharp|Bisharp, L50, F|100/100\n|switch|p2a: Murkrow|Murkrow, L50, M, shiny|100/100\n|switch|p2b: Garchomp|Garchomp, L50, M, shiny|100/100\n|turn|1\n|\n|t:|1735731141\n|move|p2a: Murkrow|Tailwind|p2a: Murkrow\n|-sidestart|p2: proplayervip|move: Tailwind\n|move|p1b: Bisharp|Sucker Punch|p2b: Garchomp\n|-damage|p2b: Garchomp|63/100\n|-damage|p1b: Bisharp|88/100|[from] ability: Rough Skin|[of] p2b: Garchomp\n|move|p2b: Garchomp|Earthquake|p1a: Corviknight|[spread] p1b\n|-immune|p2a: Murkrow\n|-immune|p1a: Corviknight\n|-supereffective|p1b: Bisharp\n|-damage|p1b: Bisharp|25/100\n|move|p1a: Corviknight|Bulk Up|p1a: Corviknight\n|-boost|p1a: Corviknight|atk|1\n|-boost|p1a: Corviknight|def|1\n|\n|upkeep\n|turn|2\n|\n|t:|1735731177\n|switch|p2b: Gholdengo|Gholdengo, L50|100/100\n|move|p1b: Bisharp|Sucker Punch||[still]\n|-fail|p1b: Bisharp\n|move|p2a: Murkrow|Foul Play|p1a: Corviknight\n|-damage|p1a: Corviknight|80/100\n|move|p1a: Corviknight|Brave Bird|p2b: Gholdengo\n|-resisted|p2b: Gholdengo\n|-damage|p2b: Gholdengo|71/100\n|-damage|p1a: Corviknight|71/100|[from] Recoil\n|\n|upkeep\n|turn|3\n|\n|t:|1735731200\n|-terastallize|p2b: Gholdengo|Steel\n|move|p1b: Bisharp|Sucker Punch|p2b: Gholdengo\n|-damage|p2b: Gholdengo|29/100\n|move|p2a: Murkrow|Foul Play|p1a: Corviknight\n|-damage|p1a: Corviknight|48/100\n|move|p2b: Gholdengo|Make It Rain|p1b: Bisharp|[spread] p1a,p1b\n|-resisted|p1a: Corviknight\n|-resisted|p1b: Bisharp\n|-damage|p1a: Corviknight|19/100\n|-damage|p1b: Bisharp|0 fnt\n|-unboost|p2b: Gholdengo|spa|1\n|faint|p1b: Bisharp\n|-damage|p2b: Gholdengo|19/100|[from] item: Life Orb\n|move|p1a: Corviknight|Brave Bird|p2b: Gholdengo\n|-resisted|p2b: Gholdengo\n|-damage|p2b: Gholdengo|0 fnt\n|faint|p2b: Gholdengo\n|-damage|p1a: Corviknight|13/100|[from] Recoil\n|\n|upkeep\n|\n|t:|1735731228\n|switch|p2b: Dragapult|Dragapult, L50, M, shiny|100/100\n|switch|p1b: Jumpluff|Jumpluff, L50, F, shiny|100/100\n|turn|4\n|\n|t:|1735731251\n|move|p1b: Jumpluff|Rage Powder|p1b: Jumpluff\n|-singleturn|p1b: Jumpluff|move: Rage Powder\n|move|p2b: Dragapult|Dragon Darts|p1b: Jumpluff\n|-damage|p1b: Jumpluff|60/100\n|-anim|p2b: Dragapult|Dragon Darts|p1b: Jumpluff\n|-damage|p1b: Jumpluff|22/100\n|move|p2a: Murkrow|Foul Play|p1b: Jumpluff\n|-crit|p1b: Jumpluff\n|-damage|p1b: Jumpluff|0 fnt\n|faint|p1b: Jumpluff\n|move|p1a: Corviknight|Roost|p1a: Corviknight\n|-heal|p1a: Corviknight|63/100\n|-singleturn|p1a: Corviknight|move: Roost\n|\n|-sideend|p2: proplayervip|move: Tailwind\n|upkeep\n|\n|t:|1735731263\n|switch|p1b: Torkoal|Torkoal, L50, M, shiny|100/100\n|-weather|SunnyDay|[from] ability: Drought|[of] p1b: Torkoal\n|turn|5\n|\n|t:|1735731280\n|move|p2a: Murkrow|Rain Dance|p2a: Murkrow\n|-weather|RainDance\n|move|p2b: Dragapult|Dragon Darts|p1b: Torkoal\n|-damage|p1b: Torkoal|73/100\n|-anim|p2b: Dragapult|Dragon Darts|p1a: Corviknight\n|-resisted|p1a: Corviknight\n|-damage|p1a: Corviknight|54/100\n|move|p1a: Corviknight|Roost|p1a: Corviknight\n|-heal|p1a: Corviknight|100/100\n|-singleturn|p1a: Corviknight|move: Roost\n|move|p1b: Torkoal|Will-O-Wisp|p2b: Dragapult\n|-status|p2b: Dragapult|brn\n|\n|-weather|RainDance|[upkeep]\n|-damage|p2b: Dragapult|94/100 brn|[from] brn\n|upkeep\n|turn|6\n|\n|t:|1735731312\n|switch|p2b: Garchomp|Garchomp, L50, M, shiny|63/100\n|move|p2a: Murkrow|Foul Play|p1b: Torkoal\n|-damage|p1b: Torkoal|54/100\n|move|p1a: Corviknight|Bulk Up|p1a: Corviknight\n|-boost|p1a: Corviknight|atk|1\n|-boost|p1a: Corviknight|def|1\n|move|p1b: Torkoal|Will-O-Wisp|p2a: Murkrow\n|-status|p2a: Murkrow|brn\n|\n|-weather|RainDance|[upkeep]\n|-damage|p2a: Murkrow|94/100 brn|[from] brn\n|upkeep\n|turn|7\n|\n|t:|1735731343\n|move|p2b: Garchomp|Earthquake|p1a: Corviknight|[spread] p1b\n|-immune|p2a: Murkrow\n|-immune|p1a: Corviknight\n|-supereffective|p1b: Torkoal\n|-damage|p1b: Torkoal|0 fnt\n|faint|p1b: Torkoal\n|move|p2a: Murkrow|Foul Play|p1a: Corviknight\n|-damage|p1a: Corviknight|89/100\n|move|p1a: Corviknight|Brave Bird|p2b: Garchomp\n|-damage|p2b: Garchomp|0 fnt\n|-damage|p1a: Corviknight|77/100|[from] ability: Rough Skin|[of] p2b: Garchomp\n|faint|p2b: Garchomp\n|-damage|p1a: Corviknight|57/100|[from] Recoil\n|\n|-weather|RainDance|[upkeep]\n|-damage|p2a: Murkrow|88/100 brn|[from] brn\n|upkeep\n|\n|t:|1735731365\n|switch|p2b: Dragapult|Dragapult, L50, M, shiny|94/100 brn\n|turn|8\n|\n|t:|1735731375\n|move|p2b: Dragapult|Thunderbolt|p1a: Corviknight\n|-supereffective|p1a: Corviknight\n|-damage|p1a: Corviknight|21/100\n|move|p2a: Murkrow|Foul Play|p1a: Corviknight\n|-damage|p1a: Corviknight|10/100\n|move|p1a: Corviknight|Roost|p1a: Corviknight\n|-heal|p1a: Corviknight|60/100\n|-singleturn|p1a: Corviknight|move: Roost\n|\n|-weather|RainDance|[upkeep]\n|-damage|p2b: Dragapult|88/100 brn|[from] brn\n|-damage|p2a: Murkrow|82/100 brn|[from] brn\n|upkeep\n|turn|9\n|\n|t:|1735731398\n|-terastallize|p1a: Corviknight|Fairy\n|move|p2b: Dragapult|Thunderbolt|p1a: Corviknight\n|-damage|p1a: Corviknight|43/100\n|move|p2a: Murkrow|Foul Play|p1a: Corviknight\n|-resisted|p1a: Corviknight\n|-damage|p1a: Corviknight|39/100\n|move|p1a: Corviknight|Roost|p1a: Corviknight\n|-heal|p1a: Corviknight|89/100\n|\n|-weather|none\n|-damage|p2b: Dragapult|82/100 brn|[from] brn\n|-damage|p2a: Murkrow|76/100 brn|[from] brn\n|upkeep\n|turn|10\n|\n|t:|1735731422\n|move|p2a: Murkrow|Perish Song|p2a: Murkrow\n|-start|p1a: Corviknight|perish3|[silent]\n|-start|p2a: Murkrow|perish3|[silent]\n|-start|p2b: Dragapult|perish3|[silent]\n|-fieldactivate|move: Perish Song\n|move|p2b: Dragapult|Thunderbolt|p1a: Corviknight\n|-damage|p1a: Corviknight|71/100\n|move|p1a: Corviknight|Brave Bird|p2b: Dragapult\n|-damage|p2b: Dragapult|0 fnt\n|faint|p2b: Dragapult\n|-damage|p1a: Corviknight|48/100|[from] Recoil\n|\n|-damage|p2a: Murkrow|70/100 brn|[from] brn\n|-start|p2a: Murkrow|perish3\n|-start|p1a: Corviknight|perish3\n|upkeep\n|turn|11\n|-message|proplayervip forfeited.\n|\n|win|Scarabocchio\n|raw|Scarabocchio's rating: 1096 &rarr; <strong>1129</strong><br />(+33 for winning)\n|raw|proplayervip's rating: 1194 &rarr; <strong>1162</strong><br />(-32 for losing)\n|l|\u2606proplayervip\n|player|p2|\n",
  "uploadtime": 1735731822,
  "views": 23,
  "formatid": "gen9vgc2024regh",
  "rating": 1129,
  "private": 0,
  "password": null
}