{
  "id": "gen9vgc2024regh-2273154367",
  "format": "[Gen 9] VGC 2024 Reg H",
  "players": [
    "VJ2511",
    "Puituti39"
  ],
  "log": "|j|\u2606VJ2511\n|j|\u2606Puituti39\n|t:|1735741694\n|gametype|doubles\n|player|p1|VJ2511|red|1513\n|player|p2|Puituti39|265|1503\n|teamsize|p1|6\n|teamsize|p2|6\n|gen|9\n|tier|[Gen 9] VGC 2024 Reg H\n|rated|\n|rule|Species Clause: Limit one of each Pok\u00e9mon\n|rule|Item Clause: Limit 1 of each item\n|clearpoke\n|poke|p1|Archaludon, L50, F|\n|poke|p1|Kingdra, L50, F|\n|poke|p1|Incineroar, L50, M|\n|poke|p1|Politoed, L50, F|\n|poke|p1|Gothitelle, L50, M|\n|poke|p1|Amoonguss, L50, M|\n|poke|p2|Alcremie, L50, F|\n|poke|p2|Farigiraf, L50, F|\n|poke|p2|Ursaluna-Bloodmoon, L50, M|\n|poke|p2|Torkoal, L50, F|\n|poke|p2|Annihilape, L50, F|\n|poke|p2|Rillaboom, L50, F|\n|teampreview|4\n|inactive|Battle timer is ON: inactive players will automatically lose when time's up. (requested by VJ2511)\n|\n|t:|1735741730\n|start\n|switch|p1a: Kingdra|Kingdra, L50, F|100/100\n|switch|p1b: Incineroar|Incineroar, L50, M|100/100\n|switch|p2a: Farigiraf|Farigiraf, L50, F|100/100\n|switch|p2b: Rillaboom|Rillaboom, L50, F|100/100\n|-fieldstart|move: Grassy Terrain|[from] ability: Grassy Surge|[of] p2b: Rillaboom\n|-ability|p1b: Incineroar|Intimidate|boost\n|-unboost|p2a: Farigiraf|atk|1\n|-unboost|p2b: Rillaboom|atk|1\n|turn|1\n|j| stewpeed\n|inactive|VJ2511 has 30 seconds left.\n|\n|t:|1735741759\n|move|p2b: Rillaboom|Fake Out|p1b: Incineroar\n|-damage|p1b: Incineroar|93/100\n|move|p1a: Kingdra|Draco Meteor|p2a: Farigiraf\n|-damage|p2a: Farigiraf|47/100\n|-unboost|p1a: Kingdra|spa|2\n|-damage|p1a: Kingdra|91/100|[from] item: Life Orb\n|cant|p1b: Incineroar|flinch\n|move|p2a: Farigiraf|Trick Room|p2a: Farigiraf\n|-fieldstart|move: Trick Room|[of] p2a: Farigiraf\n|\n|-heal|p2a: Farigiraf|53/100|[from] Grassy Terrain\n|-heal|p1b: Incineroar|99/100|[from] Grassy Terrain\n|-heal|p1a: Kingdra|97/100|[from] Grassy Terrain\n|upkeep\n|turn|2\n|\n|t:|1735741772\n|move|p2a: Farigiraf|Protect|p2a: Farigiraf\n|-singleturn|p2a: Farigiraf|Protect\n|move|p1a: Kingdra|Protect|p1a: Kingdra\n|-singleturn|p1a: Kingdra|Protect\n|move|p1b: Incineroar|Knock Off|p2a: Farigiraf\n|-activate|p2a: Farigiraf|move: Protect\n|move|p2b: Rillaboom|U-turn|p1a: Kingdra\n|-activate|p1a: Kingdra|move: Protect\n|\n|-heal|p2a: Farigiraf|59/100|[from] Grassy Terrain\n|-heal|p1b: Incineroar|100/100|[from] Grassy Terrain\n|-heal|p1a: Kingdra|100/100|[from] Grassy Terrain\n|upkeep\n|turn|3\n|\n|t:|1735741786\n|move|p2a: Farigiraf|Psychic Noise|p1a: Kingdra\n|-damage|p1a: Kingdra|67/100\n|-start|p1a: Kingdra|move: Heal Block\n|move|p1b: Incineroar|Knock Off|p2a: Farigiraf\n|-supereffective|p2a: Farigiraf\n|-damage|p2a: Farigiraf|0 fnt\n|-enditem|p2a: Farigiraf|Safety Goggles|[from] move: Knock Off|[of] p1b: Incineroar\n|faint|p2a: Farigiraf\n|move|p2b: Rillaboom|U-turn|p1b: Incineroar\n|-damage|p1b: Incineroar|87/100\n|\n|t:|1735741793\n|switch|p2b: Torkoal|Torkoal, L50, F|100/100|[from] U-turn\n|-weather|SunnyDay|[from] ability: Drought|[of] p2b: Torkoal\n|move|p1a: Kingdra|Muddy Water|p2b: Torkoal\n|-supereffective|p2b: Torkoal\n|-damage|p2b: Torkoal|65/100\n|-damage|p1a: Kingdra|57/100|[from] item: Life Orb\n|\n|-weather|SunnyDay|[upkeep]\n|-heal|p2b: Torkoal|72/100|[from] Grassy Terrain\n|-heal|p1b: Incineroar|93/100|[from] Grassy Terrain\n|upkeep\n|\n|t:|1735741795\n|switch|p2a: Ursaluna|Ursaluna-Bloodmoon, L50, M|100/100\n|turn|4\n|\n|t:|1735741808\n|-terastallize|p2a: Ursaluna|Normal\n|move|p1b: Incineroar|Protect|p1b: Incineroar\n|-singleturn|p1b: Incineroar|Protect\n|move|p1a: Kingdra|Protect|p1a: Kingdra\n|-singleturn|p1a: Kingdra|Protect\n|move|p2b: Torkoal|Earth Power|p1b: Incineroar\n|-activate|p1b: Incineroar|move: Protect\n|move|p2a: Ursaluna|Hyper Voice|p1a: Kingdra|[spread] \n|-activate|p1a: Kingdra|move: Protect\n|-activate|p1b: Incineroar|move: Protect\n|\n|-weather|SunnyDay|[upkeep]\n|-heal|p2b: Torkoal|78/100|[from] Grassy Terrain\n|-heal|p1b: Incineroar|99/100|[from] Grassy Terrain\n|-end|p1a: Kingdra|move: Heal Block\n|upkeep\n|turn|5\n|inactive|VJ2511 has 30 seconds left.\n|inactive|VJ2511 has 20 seconds left.\n|\n|t:|1735741847\n|switch|p1a: Archaludon|Archaludon, L50, F|100/100\n|move|p2b: Torkoal|Eruption|p1a: Archaludon|[spread] p1a,p1b\n|-resisted|p1b: Incineroar\n|-ability|p1a: Archaludon|Sturdy\n|-damage|p1a: Archaludon|1/100\n|-damage|p1b: Incineroar|71/100\n|move|p2a: Ursaluna|Hyper Voice|p1a: Archaludon|[spread] p1a,p1b\n|-resisted|p1a: Archaludon\n|-crit|p1a: Archaludon\n|-damage|p1a: Archaludon|0 fnt\n|-damage|p1b: Incineroar|22/100\n|faint|p1a: Archaludon\n|-damage|p2a: Ursaluna|90/100|[from] item: Life Orb\n|move|p1b: Incineroar|Parting Shot|p2a: Ursaluna\n|-unboost|p2a: Ursaluna|atk|1\n|-unboost|p2a: Ursaluna|spa|1\n|\n|t:|1735741852\n|switch|p1b: Kingdra|Kingdra, L50, F|57/100|[from] Parting Shot\n|\n|-weather|SunnyDay|[upkeep]\n|-heal|p2b: Torkoal|84/100|[from] Grassy Terrain\n|-heal|p2a: Ursaluna|97/100|[from] Grassy Terrain\n|-heal|p1b: Kingdra|63/100|[from] Grassy Terrain\n|-fieldend|move: Trick Room\n|-fieldend|move: Grassy Terrain\n|upkeep\n|\n|t:|1735741855\n|switch|p1a: Incineroar|Incineroar, L50, M|22/100\n|-ability|p1a: Incineroar|Intimidate|boost\n|-unboost|p2a: Ursaluna|atk|1\n|-unboost|p2b: Torkoal|atk|1\n|turn|6\n|\n|t:|1735741879\n|switch|p1a: Politoed|Politoed, L50, F|100/100\n|-weather|RainDance|[from] ability: Drizzle|[of] p1a: Politoed\n|switch|p2a: Rillaboom|Rillaboom, L50, F|100/100\n|-fieldstart|move: Grassy Terrain|[from] ability: Grassy Surge|[of] p2a: Rillaboom\n|-terastallize|p1b: Kingdra|Stellar\n|move|p2b: Torkoal|Protect|p2b: Torkoal\n|-singleturn|p2b: Torkoal|Protect\n|move|p1b: Kingdra|Muddy Water|p2a: Rillaboom|[spread] p2a\n|-activate|p2b: Torkoal|move: Protect\n|-resisted|p2a: Rillaboom\n|-damage|p2a: Rillaboom|78/100\n|-unboost|p2a: Rillaboom|accuracy|1\n|-damage|p1b: Kingdra|53/100|[from] item: Life Orb\n|\n|-weather|RainDance|[upkeep]\n|-heal|p1b: Kingdra|59/100|[from] Grassy Terrain\n|-heal|p2a: Rillaboom|85/100|[from] Grassy Terrain\n|-heal|p2b: Torkoal|90/100|[from] Grassy Terrain\n|upkeep\n|turn|7\n|\n|t:|1735741897\n|switch|p1a: Incineroar|Incineroar, L50, M|22/100\n|-ability|p1a: Incineroar|Intimidate|boost\n|-unboost|p2a: Rillaboom|atk|1\n|-unboost|p2b: Torkoal|atk|1\n|switch|p2b: Ursaluna|Ursaluna-Bloodmoon, L50, M, tera:Normal|97/100\n|move|p1b: Kingdra|Protect|p1b: Kingdra\n|-singleturn|p1b: Kingdra|Protect\n|move|p2a: Rillaboom|Fake Out|p1b: Kingdra\n|-activate|p1b: Kingdra|move: Protect\n|\n|-weather|RainDance|[upkeep]\n|-heal|p1b: Kingdra|65/100|[from] Grassy Terrain\n|-heal|p2a: Rillaboom|91/100|[from] Grassy Terrain\n|-heal|p1a: Incineroar|28/100|[from] Grassy Terrain\n|-heal|p2b: Ursaluna|100/100|[from] Grassy Terrain\n|upkeep\n|turn|8\n|inactive|Puituti39 has 30 seconds left.\n|inactive|Puituti39 has 20 seconds left.\n|\n|t:|1735741935\n|move|p2b: Ursaluna|Protect|p2b: Ursaluna\n|-singleturn|p2b: Ursaluna|Protect\n|move|p1a: Incineroar|Fake Out|p2a: Rillaboom\n|-damage|p2a: Rillaboom|79/100\n|cant|p2a: Rillaboom|flinch\n|move|p1b: Kingdra|Draco Meteor|p2b: Ursaluna\n|-activate|p2b: Ursaluna|move: Protect\n|\n|-weather|RainDance|[upkeep]\n|-heal|p1b: Kingdra|71/100|[from] Grassy Terrain\n|-heal|p2a: Rillaboom|85/100|[from] Grassy Terrain\n|-heal|p1a: Incineroar|34/100|[from] Grassy Terrain\n|upkeep\n|turn|9\n|\n|t:|1735741953\n|switch|p2a: Torkoal|Torkoal, L50, F|90/100\n|-weather|SunnyDay|[from] ability: Drought|[of] p2a: Torkoal\n|move|p1b: Kingdra|Draco Meteor|p2b: Ursaluna\n|-damage|p2b: Ursaluna|0 fnt\n|-unboost|p1b: Kingdra|spa|2\n|faint|p2b: Ursaluna\n|-damage|p1b: Kingdra|61/100|[from] item: Life Orb\n|move|p1a: Incineroar|Knock Off|p2a: Torkoal\n|-damage|p2a: Torkoal|59/100\n|-enditem|p2a: Torkoal|Charcoal|[from] move: Knock Off|[of] p1a: Incineroar\n|\n|-weather|SunnyDay|[upkeep]\n|-heal|p1b: Kingdra|67/100|[from] Grassy Terrain\n|-heal|p1a: Incineroar|40/100|[from] Grassy Terrain\n|-heal|p2a: Torkoal|65/100|[from] Grassy Terrain\n|upkeep\n|\n|t:|1735741961\n|switch|p2b: Rillaboom|Rillaboom, L50, F|85/100\n|turn|10\n|\n|t:|1735741973\n|switch|p1a: Politoed|Politoed, L50, F|100/100\n|-weather|RainDance|[from] ability: Drizzle|[of] p1a: Politoed\n|move|p1b: Kingdra|Protect|p1b: Kingdra\n|-singleturn|p1b: Kingdra|Protect\n|move|p2b: Rillaboom|Grassy Glide|p1b: Kingdra\n|-activate|p1b: Kingdra|move: Protect\n|move|p2a: Torkoal|Earth Power|p1b: Kingdra\n|-activate|p1b: Kingdra|move: Protect\n|\n|-weather|RainDance|[upkeep]\n|-heal|p1b: Kingdra|73/100|[from] Grassy Terrain\n|-heal|p2b: Rillaboom|91/100|[from] Grassy Terrain\n|-heal|p2a: Torkoal|72/100|[from] Grassy Terrain\n|-fieldend|move: Grassy Terrain\n|upkeep\n|turn|11\n|\n|t:|1735741995\n|switch|p1b: Incineroar|Incineroar, L50, M|40/100\n|-ability|p1b: Incineroar|Intimidate|boost\n|-unboost|p2a: Torkoal|atk|1\n|-unboost|p2b: Rillaboom|atk|1\n|move|p1a: Politoed|Protect|p1a: Politoed\n|-singleturn|p1a: Politoed|Protect\n|move|p2b: Rillaboom|Grassy Glide|p1b: Incineroar\n|-resisted|p1b: Incineroar\n|-damage|p1b: Incineroar|32/100\n|move|p2a: Torkoal|Earth Power|p1b: Incineroar\n|-supereffective|p1b: Incineroar\n|-damage|p1b: Incineroar|0 fnt\n|faint|p1b: Incineroar\n|\n|-weather|RainDance|[upkeep]\n|upkeep\n|\n|t:|1735742000\n|switch|p1b: Kingdra|Kingdra, L50, F, tera:Stellar|73/100\n|turn|12\n|\n|t:|1735742021\n|move|p2a: Torkoal|Protect|p2a: Torkoal\n|-singleturn|p2a: Torkoal|Protect\n|move|p1b: Kingdra|Draco Meteor|p2b: Rillaboom\n|-damage|p2b: Rillaboom|48/100\n|-unboost|p1b: Kingdra|spa|2\n|-damage|p1b: Kingdra|63/100|[from] item: Life Orb\n|move|p1a: Politoed|Weather Ball|p2a: Torkoal\n|-activate|p2a: Torkoal|move: Protect\n|move|p2b: Rillaboom|Grassy Glide|p1a: Politoed\n|-supereffective|p1a: Politoed\n|-damage|p1a: Politoed|69/100\n|\n|-weather|RainDance|[upkeep]\n|-heal|p1a: Politoed|75/100|[from] item: Leftovers\n|upkeep\n|turn|13\n|\n|t:|1735742037\n|move|p1b: Kingdra|Draco Meteor|p2b: Rillaboom\n|-damage|p2b: Rillaboom|26/100\n|-unboost|p1b: Kingdra|spa|2\n|-damage|p1b: Kingdra|53/100|[from] item: Life Orb\n|move|p1a: Politoed|Weather Ball|p2b: Rillaboom\n|-resisted|p2b: Rillaboom\n|-damage|p2b: Rillaboom|12/100\n|move|p2b: Rillaboom|Grassy Glide|p1a: Politoed\n|-supereffective|p1a: Politoed\n|-damage|p1a: Politoed|44/100\n|move|p2a: Torkoal|Earth Power|p1a: Politoed\n|-damage|p1a: Politoed|21/100\n|\n|-weather|RainDance|[upkeep]\n|-heal|p1a: Politoed|27/100|[from] item: Leftovers\n|upkeep\n|turn|14\n|\n|t:|1735742056\n|move|p1b: Kingdra|Muddy Water|p2b: Rillaboom|[spread] p2a,p2b\n|-supereffective|p2a: Torkoal\n|-resisted|p2b: Rillaboom\n|-damage|p2a: Torkoal|15/100\n|-damage|p2b: Rillaboom|6/100\n|-damage|p1b: Kingdra|43/100|[from] item: Life Orb\n|move|p1a: Politoed|Weather Ball|p2b: Rillaboom\n|-resisted|p2b: Rillaboom\n|-damage|p2b: Rillaboom|0 fnt\n|faint|p2b: Rillaboom\n|move|p2a: Torkoal|Earth Power|p1a: Politoed\n|-damage|p1a: Politoed|3/100\n|\n|-weather|none\n|-heal|p1a: Politoed|9/100|[from] item: Leftovers\n|upkeep\n|turn|15\n|-message|Puituti39 forfeited.\n|\n|win|VJ2511\n|raw|VJ2511's rating: 1513 &rarr; <strong>1532</strong><br />(+19 for winning)\n|raw|Puituti39's rating: 1503 &rarr; <strong>1484</strong><br />(-19 for losing)\n|l|\u2606Puituti39\n|player|p2|\n|l| stewpeed\n",
  "uploadtime": 1735742244,
  "views": 143,
  "formatid": "gen9vgc2024regh",
  "rating": 1484,
  "private": 0,
  "password": null
}