{
  "id": "gen9vgc2024regh-2273215648",
  "format": "[Gen 9] VGC 2024 Reg H",
  "players": [
    "Shiftyboy",
    "Tunio"
  ],
  "log": "|j|\u2606Shiftyboy\n|j|\u2606Tunio\n|t:|1735751231\n|gametype|doubles\n|player|p1|Shiftyboy|cynthia-gen7|1409\n|player|p2|Tunio|veteran|1410\n|teamsize|p1|6\n|teamsize|p2|6\n|gen|9\n|tier|[Gen 9] VGC 2024 Reg H\n|rated|\n|rule|Species Clause: Limit one of each Pok\u00e9mon\n|rule|Item Clause: Limit 1 of each item\n|clearpoke\n|poke|p1|Archaludon, L50, M|\n|poke|p1|Pelipper, L50, F|\n|poke|p1|Sinistcha, L50|\n|poke|p1|Sneasler, L50, M|\n|poke|p1|Annihilape, L50, M|\n|poke|p1|Maushold, L50|\n|poke|p2|Infernape, L50, M|\n|poke|p2|Garchomp, L50, M|\n|poke|p2|Abomasnow, L50, F|\n|poke|p2|Gallade, L50, M|\n|poke|p2|Rotom-Wash, L50|\n|poke|p2|Spiritomb, L50, M|\n|teampreview|4\n|inactive|Battle timer is ON: inactive players will automatically lose when time's up. (requested by Shiftyboy)\n|\n|t:|1735751258\n|start\n|switch|p1a: Sneasler|Sneasler, L50, M|100/100\n|switch|p1b: Archaludon|Archaludon, L50, M|100/100\n|switch|p2a: Spiritomb|Spiritomb, L50, M|100/100\n|switch|p2b: Abomasnow|Abomasnow, L50, F|100/100\n|-weather|Snow|[from] ability: Snow Warning|[of] p2b: Abomasnow\n|turn|1\n|inactive|Shiftyboy has 30 seconds left.\n|\n|t:|1735751287\n|switch|p1a: Pelipper|Pelipper, L50, F|100/100\n|-weather|RainDance|[from] ability: Drizzle|[of] p1a: Pelipper\n|move|p1b: Archaludon|Electro Shot||[still]\n|-prepare|p1b: Archaludon|Electro Shot\n|-boost|p1b: Archaludon|spa|1\n|-anim|p1b: Archaludon|Electro Shot|p2a: Spiritomb\n|-damage|p2a: Spiritomb|50/100\n|-enditem|p2a: Spiritomb|Sitrus Berry|[eat]\n|-heal|p2a: Spiritomb|74/100|[from] item: Sitrus Berry\n|move|p2b: Abomasnow|Blizzard|p1a: Pelipper|[spread] p1b\n|-miss|p2b: Abomasnow|p1a: Pelipper\n|-damage|p1b: Archaludon|81/100\n|-ability|p1b: Archaludon|Stamina|boost\n|-boost|p1b: Archaludon|def|1\n|move|p2a: Spiritomb|Curse|p1b: Archaludon\n|-start|p1b: Archaludon|Curse|[of] p2a: Spiritomb\n|-damage|p2a: Spiritomb|24/100\n|\n|-weather|RainDance|[upkeep]\n|-damage|p1b: Archaludon|56/100|[from] Curse\n|upkeep\n|turn|2\n|inactive|Shiftyboy has 30 seconds left.\n|\n|t:|1735751314\n|move|p1a: Pelipper|Hurricane|p2b: Abomasnow\n|-supereffective|p2b: Abomasnow\n|-damage|p2b: Abomasnow|5/100\n|-start|p2b: Abomasnow|confusion\n|move|p1b: Archaludon|Electro Shot||[still]\n|-prepare|p1b: Archaludon|Electro Shot\n|-boost|p1b: Archaludon|spa|1\n|-anim|p1b: Archaludon|Electro Shot|p2a: Spiritomb\n|-damage|p2a: Spiritomb|0 fnt\n|faint|p2a: Spiritomb\n|-activate|p2b: Abomasnow|confusion\n|move|p2b: Abomasnow|Giga Drain|p1a: Pelipper\n|-damage|p1a: Pelipper|56/100\n|-heal|p2b: Abomasnow|23/100|[from] drain|[of] p1a: Pelipper\n|\n|-weather|RainDance|[upkeep]\n|-damage|p1b: Archaludon|31/100|[from] Curse\n|upkeep\n|\n|t:|1735751328\n|switch|p2a: Infernape|Infernape, L50, M|100/100\n|turn|3\n|inactive|Shiftyboy has 30 seconds left.\n|\n|t:|1735751356\n|switch|p2b: Garchomp|Garchomp, L50, M|100/100\n|move|p1a: Pelipper|Wide Guard|p1a: Pelipper\n|-singleturn|p1a: Pelipper|Wide Guard\n|move|p2a: Infernape|Thunder Punch|p1a: Pelipper\n|-supereffective|p1a: Pelipper\n|-damage|p1a: Pelipper|0 fnt\n|faint|p1a: Pelipper\n|move|p1b: Archaludon|Electro Shot||[still]\n|-prepare|p1b: Archaludon|Electro Shot\n|-boost|p1b: Archaludon|spa|1\n|-anim|p1b: Archaludon|Electro Shot|p2a: Infernape\n|-enditem|p2a: Infernape|Focus Sash\n|-damage|p2a: Infernape|1/100\n|\n|-weather|RainDance|[upkeep]\n|-damage|p1b: Archaludon|6/100|[from] Curse\n|upkeep\n|\n|t:|1735751377\n|switch|p1a: Sinistcha|Sinistcha, L50|100/100\n|-heal|p1b: Archaludon|31/100|[from] ability: Hospitality|[of] p1a: Sinistcha\n|turn|4\n|\n|t:|1735751387\n|move|p2a: Infernape|Protect|p2a: Infernape\n|-singleturn|p2a: Infernape|Protect\n|move|p2b: Garchomp|Protect|p2b: Garchomp\n|-singleturn|p2b: Garchomp|Protect\n|move|p1b: Archaludon|Draco Meteor|p2b: Garchomp\n|-activate|p2b: Garchomp|move: Protect\n|move|p1a: Sinistcha|Matcha Gotcha|p2a: Infernape|[spread] \n|-activate|p2a: Infernape|move: Protect\n|-activate|p2b: Garchomp|move: Protect\n|\n|-weather|RainDance|[upkeep]\n|-damage|p1b: Archaludon|6/100|[from] Curse\n|upkeep\n|turn|5\n|\n|t:|1735751393\n|switch|p2a: Abomasnow|Abomasnow, L50, F|23/100\n|-weather|Snow|[from] ability: Snow Warning|[of] p2a: Abomasnow\n|move|p2b: Garchomp|Dragon Claw|p1a: Sinistcha\n|-damage|p1a: Sinistcha|62/100\n|move|p1b: Archaludon|Draco Meteor|p2b: Garchomp\n|-supereffective|p2b: Garchomp\n|-damage|p2b: Garchomp|0 fnt\n|-unboost|p1b: Archaludon|spa|2\n|faint|p2b: Garchomp\n|move|p1a: Sinistcha|Matcha Gotcha|p2a: Abomasnow\n|-resisted|p2a: Abomasnow\n|-damage|p2a: Abomasnow|6/100\n|-heal|p1a: Sinistcha|71/100|[from] drain|[of] p2a: Abomasnow\n|-status|p2a: Abomasnow|brn\n|\n|-weather|Snow|[upkeep]\n|-damage|p2a: Abomasnow|0 fnt|[from] brn\n|faint|p2a: Abomasnow\n|-damage|p1b: Archaludon|0 fnt|[from] Curse\n|faint|p1b: Archaludon\n|upkeep\n|-message|Tunio forfeited.\n|\n|win|Shiftyboy\n|raw|Shiftyboy's rating: 1409 &rarr; <strong>1429</strong><br />(+20 for winning)\n|raw|Tunio's rating: 1410 &rarr; <strong>1390</strong><br />(-20 for losing)\n|l|\u2606Tunio\n|player|p2|\n|c|\u2606Shiftyboy|trolled\n|c|\u2606Shiftyboy|holy\n|l|\u2606Shiftyboy\n|player|p1|\n",
  "uploadtime": 1735751797,
  "views": 356,
  "formatid": "gen9vgc2024regh",
  "rating": 1390,
  "private": 0,
  "password": null
}