{
  "id": "gen9vgc2024regh-2273178581",
  "format": "[Gen 9] VGC 2024 Reg H",
  "players": [
    "TviTornado132",
    "SniffLazer"
  ],
  "log": "|j|\u2606TviTornado132\n|j|\u2606SniffLazer\n|t:|1735745743\n|gametype|doubles\n|player|p1|TviTornado132|2|1365\n|player|p2|SniffLazer|1|1314\n|teamsize|p1|6\n|teamsize|p2|6\n|gen|9\n|tier|[Gen 9] VGC 2024 Reg H\n|rated|\n|rule|Species Clause: Limit one of each Pok\u00e9mon\n|rule|Item Clause: Limit 1 of each item\n|clearpoke\n|poke|p1|Annihilape, L50, M|\n|poke|p1|Primarina, L50, M|\n|poke|p1|Dragonite, L50, M|\n|poke|p1|Incineroar, L50, F|\n|poke|p1|Ursaluna, L50, F|\n|poke|p1|Rillaboom, L50, M|\n|poke|p2|Glimmora, L50, F|\n|poke|p2|Ursaluna-Bloodmoon, L50, M|\n|poke|p2|Farigiraf, L50, M|\n|poke|p2|Amoonguss, L50, M|\n|poke|p2|Sinistcha, L50|\n|poke|p2|Quaquaval, L50, F|\n|teampreview|4\n|\n|t:|1735745786\n|start\n|switch|p1a: Annihilape|Annihilape, L50, M|100/100\n|switch|p1b: Dragonite|Dragonite, L50, M|100/100\n|switch|p2a: Glimmora|Glimmora, L50, F|100/100\n|switch|p2b: Farigiraf|Farigiraf, L50, M|100/100\n|turn|1\n|\n|t:|1735745811\n|move|p2b: Farigiraf|Protect|p2b: Farigiraf\n|-singleturn|p2b: Farigiraf|Protect\n|move|p1a: Annihilape|Phantom Force||[still]\n|-prepare|p1a: Annihilape|Phantom Force\n|move|p1b: Dragonite|Scale Shot|p2a: Glimmora\n|-damage|p2a: Glimmora|83/100\n|-activate|p2a: Glimmora|ability: Toxic Debris\n|-sidestart|p1: TviTornado132|move: Toxic Spikes\n|-crit|p2a: Glimmora\n|-damage|p2a: Glimmora|57/100\n|-activate|p2a: Glimmora|ability: Toxic Debris\n|-sidestart|p1: TviTornado132|move: Toxic Spikes\n|-damage|p2a: Glimmora|42/100\n|-damage|p2a: Glimmora|25/100\n|-damage|p2a: Glimmora|10/100\n|-hitcount|p2a: Glimmora|5\n|-unboost|p1b: Dragonite|def|1\n|-boost|p1b: Dragonite|spe|1\n|move|p2a: Glimmora|Meteor Beam||[still]\n|-prepare|p2a: Glimmora|Meteor Beam\n|-boost|p2a: Glimmora|spa|1\n|-enditem|p2a: Glimmora|Power Herb\n|-anim|p2a: Glimmora|Meteor Beam|p1b: Dragonite|[miss]\n|-miss|p2a: Glimmora|p1b: Dragonite\n|\n|upkeep\n|turn|2\n|\n|t:|1735745844\n|move|p2a: Glimmora|Spiky Shield|p2a: Glimmora\n|-singleturn|p2a: Glimmora|move: Protect\n|move|p1a: Annihilape|Phantom Force|p2a: Glimmora|[from]lockedmove\n|-activate|p2a: Glimmora|move: Phantom Force|[broken]\n|-damage|p2a: Glimmora|0 fnt\n|faint|p2a: Glimmora\n|move|p1b: Dragonite|Scale Shot|p2b: Farigiraf|[miss]\n|-miss|p1b: Dragonite|p2b: Farigiraf\n|move|p2b: Farigiraf|Trick Room|p2b: Farigiraf\n|-fieldstart|move: Trick Room|[of] p2b: Farigiraf\n|\n|upkeep\n|\n|t:|1735745856\n|switch|p2a: Ursaluna|Ursaluna-Bloodmoon, L50, M|100/100\n|turn|3\n|\n|t:|1735745878\n|-terastallize|p2a: Ursaluna|Normal\n|move|p2b: Farigiraf|Protect|p2b: Farigiraf\n|-singleturn|p2b: Farigiraf|Protect\n|move|p2a: Ursaluna|Blood Moon|p1a: Annihilape\n|-damage|p1a: Annihilape|0 fnt\n|faint|p1a: Annihilape\n|-damage|p2a: Ursaluna|91/100|[from] item: Life Orb\n|move|p1b: Dragonite|Ice Spinner|p2a: Ursaluna\n|-damage|p2a: Ursaluna|63/100\n|\n|upkeep\n|\n|t:|1735745894\n|switch|p1a: Ursaluna|Ursaluna, L50, F|100/100\n|-status|p1a: Ursaluna|tox\n|turn|4\n|\n|t:|1735745907\n|move|p2b: Farigiraf|Helping Hand|p2a: Ursaluna\n|-singleturn|p2a: Ursaluna|Helping Hand|[of] p2b: Farigiraf\n|move|p2a: Ursaluna|Hyper Voice|p1b: Dragonite|[spread] p1a,p1b\n|-damage|p1a: Ursaluna|39/100 tox\n|-damage|p1b: Dragonite|47/100\n|-damage|p2a: Ursaluna|53/100|[from] item: Life Orb\n|move|p1a: Ursaluna|Headlong Rush|p2a: Ursaluna\n|-damage|p2a: Ursaluna|0 fnt\n|-unboost|p1a: Ursaluna|def|1\n|-unboost|p1a: Ursaluna|spd|1\n|faint|p2a: Ursaluna\n|move|p1b: Dragonite|Scale Shot|p2b: Farigiraf\n|-damage|p2b: Farigiraf|87/100\n|-damage|p2b: Farigiraf|72/100\n|-damage|p2b: Farigiraf|57/100\n|-damage|p2b: Farigiraf|42/100\n|-damage|p2b: Farigiraf|26/100\n|-hitcount|p2b: Farigiraf|5\n|-unboost|p1b: Dragonite|def|1\n|-boost|p1b: Dragonite|spe|1\n|\n|-damage|p1a: Ursaluna|33/100 tox|[from] psn\n|upkeep\n|\n|t:|1735745928\n|switch|p2a: Sinistcha|Sinistcha, L50|100/100\n|-heal|p2b: Farigiraf|51/100|[from] ability: Hospitality|[of] p2a: Sinistcha\n|turn|5\n|\n|t:|1735745960\n|switch|p1a: Rillaboom|Rillaboom, L50, M|100/100\n|-status|p1a: Rillaboom|tox\n|-fieldstart|move: Grassy Terrain|[from] ability: Grassy Surge|[of] p1a: Rillaboom\n|move|p2a: Sinistcha|Rage Powder|p2a: Sinistcha\n|-singleturn|p2a: Sinistcha|move: Rage Powder\n|move|p2b: Farigiraf|Hyper Voice|p1b: Dragonite|[spread] p1a,p1b\n|-damage|p1a: Rillaboom|64/100 tox\n|-damage|p1b: Dragonite|18/100\n|move|p1b: Dragonite|Scale Shot|p2a: Sinistcha\n|-damage|p2a: Sinistcha|87/100\n|-damage|p2a: Sinistcha|74/100\n|-damage|p2a: Sinistcha|61/100\n|-damage|p2a: Sinistcha|48/100\n|-hitcount|p2a: Sinistcha|4\n|-unboost|p1b: Dragonite|def|1\n|-boost|p1b: Dragonite|spe|1\n|\n|-heal|p2b: Farigiraf|57/100|[from] Grassy Terrain\n|-heal|p2a: Sinistcha|54/100|[from] Grassy Terrain\n|-heal|p2a: Sinistcha|60/100|[from] item: Leftovers\n|-heal|p1a: Rillaboom|70/100 tox|[from] Grassy Terrain\n|-damage|p1a: Rillaboom|64/100 tox|[from] psn\n|upkeep\n|turn|6\n|\n|t:|1735745999\n|move|p1b: Dragonite|Protect|p1b: Dragonite\n|-singleturn|p1b: Dragonite|Protect\n|move|p2b: Farigiraf|Hyper Voice|p1a: Rillaboom|[spread] p1a\n|-activate|p1b: Dragonite|move: Protect\n|-damage|p1a: Rillaboom|31/100 tox\n|move|p2a: Sinistcha|Matcha Gotcha|p1a: Rillaboom|[spread] p1a\n|-activate|p1b: Dragonite|move: Protect\n|-resisted|p1a: Rillaboom\n|-damage|p1a: Rillaboom|12/100 tox\n|-heal|p2a: Sinistcha|70/100|[from] drain|[of] p1a: Rillaboom\n|move|p1a: Rillaboom|Wood Hammer|p2b: Farigiraf\n|-damage|p2b: Farigiraf|0 fnt\n|faint|p2b: Farigiraf\n|-damage|p1a: Rillaboom|0 fnt|[from] Recoil\n|faint|p1a: Rillaboom\n|\n|-heal|p2a: Sinistcha|76/100|[from] Grassy Terrain\n|-heal|p2a: Sinistcha|83/100|[from] item: Leftovers\n|-fieldend|move: Trick Room\n|upkeep\n|\n|t:|1735746021\n|switch|p1a: Ursaluna|Ursaluna, L50, F|33/100 tox\n|turn|7\n|\n|t:|1735746037\n|move|p2a: Sinistcha|Protect|p2a: Sinistcha\n|-singleturn|p2a: Sinistcha|Protect\n|move|p1b: Dragonite|Scale Shot|p2a: Sinistcha\n|-activate|p2a: Sinistcha|move: Protect\n|move|p1a: Ursaluna|Ice Punch|p2a: Sinistcha\n|-activate|p2a: Sinistcha|move: Protect\n|\n|-heal|p1a: Ursaluna|39/100 tox|[from] Grassy Terrain\n|-heal|p2a: Sinistcha|89/100|[from] Grassy Terrain\n|-heal|p2a: Sinistcha|95/100|[from] item: Leftovers\n|-damage|p1a: Ursaluna|33/100 tox|[from] psn\n|upkeep\n|turn|8\n|\n|t:|1735746057\n|move|p1b: Dragonite|Scale Shot|p2a: Sinistcha\n|-damage|p2a: Sinistcha|81/100\n|-damage|p2a: Sinistcha|67/100\n|-damage|p2a: Sinistcha|55/100\n|-damage|p2a: Sinistcha|42/100\n|-hitcount|p2a: Sinistcha|4\n|-unboost|p1b: Dragonite|def|1\n|-boost|p1b: Dragonite|spe|1\n|move|p1a: Ursaluna|Ice Punch|p2a: Sinistcha\n|-supereffective|p2a: Sinistcha\n|-damage|p2a: Sinistcha|0 fnt\n|faint|p2a: Sinistcha\n|\n|win|TviTornado132\n|raw|TviTornado132's rating: 1365 &rarr; <strong>1382</strong><br />(+17 for winning)\n|raw|SniffLazer's rating: 1314 &rarr; <strong>1297</strong><br />(-17 for losing)\n|l|\u2606SniffLazer\n|player|p2|\n|l|\u2606TviTornado132\n|player|p1|\n",
  "uploadtime": 1735746397,
  "views": 120,
  "formatid": "gen9vgc2024regh",
  "rating": 1297,
  "private": 0,
  "password": null
}