{
  "id": "gen9vgc2024regh-2273146988",
  "format": "[Gen 9] VGC 2024 Reg H",
  "players": [
    "akash._bhandari",
    "redbrood"
  ],
  "log": "|j|\u2606akash._bhandari\n|j|\u2606redbrood\n|t:|1735740324\n|gametype|doubles\n|player|p1|akash._bhandari|lucas|1306\n|player|p2|redbrood|266|1389\n|teamsize|p1|6\n|teamsize|p2|6\n|gen|9\n|tier|[Gen 9] VGC 2024 Reg H\n|rated|\n|rule|Species Clause: Limit one of each Pok\u00e9mon\n|rule|Item Clause: Limit 1 of each item\n|clearpoke\n|poke|p1|Incineroar, L50, M|\n|poke|p1|Politoed, L50, M|\n|poke|p1|Archaludon, L50, M|\n|poke|p1|Clefable, L50, M|\n|poke|p1|Annihilape, L50, M|\n|poke|p1|Dragapult, L50, M|\n|poke|p2|Grimmsnarl, L50, M|\n|poke|p2|Volcarona, L50, F|\n|poke|p2|Oricorio-Sensu, L50, F|\n|poke|p2|Incineroar, L50, M|\n|poke|p2|Archaludon, L50, M|\n|poke|p2|Politoed, L50, M|\n|teampreview|4\n|inactive|Battle timer is ON: inactive players will automatically lose when time's up. (requested by akash._bhandari)\n|inactive|redbrood has 60 seconds left.\nredbrood has agreed to open team sheets.\nakash._bhandari has agreed to open team sheets.\n|showteam|p1|Incineroar||AssaultVest|Intimidate|FakeOut,Uturn,FlareBlitz,DarkestLariat|||M|||50|,,,,,Grass]Politoed||Leftovers|Drizzle|PerishSong,WeatherBall,Protect,IceBeam|||M|||50|,,,,,Water]Archaludon||ZapPlate|Stamina|ElectroShot,Protect,BodyPress,DracoMeteor|||M|||50|,,,,,Electric]Clefable||SafetyGoggles|CuteCharm|FollowMe,Protect,HealPulse,Moonblast|||M|||50|,,,,,Fire]Annihilape||MentalHerb|Defiant|CloseCombat,ShadowClaw,BulkUp,Protect|||M|||50|,,,,,Ghost]Dragapult||SitrusBerry|ClearBody|DragonDance,PhantomForce,Protect,DragonDarts|||M|||50|,,,,,Ghost\n|showteam|p2|Grimmsnarl||LightClay|Prankster|FakeOut,SpiritBreak,PartingShot,Reflect|||M|||50|,,,,,Dark]Volcarona||Leftovers|FlameBody|QuiverDance,FieryDance,GigaDrain,Protect|||F|||50|,,,,,Grass]Oricorio-Sensu||FocusSash|Dancer|QuiverDance,AirSlash,BatonPass,IcyWind|||F|||50|,,,,,Ice]Incineroar||EjectButton|Intimidate|FakeOut,FlareBlitz,PartingShot,KnockOff|||M|||50|,,,,,Fire]Archaludon||AssaultVest|Stamina|ElectroShot,BodyPress,Snarl,FlashCannon|||M|||50|,,,,,Flying]Politoed||DampRock|Drizzle|IcyWind,MuddyWater,Encore,PerishSong|||M|||50|,,,,,Water\n|\n|t:|1735740377\n|start\n|switch|p1a: Incineroar|Incineroar, L50, M|100/100\n|switch|p1b: Dragapult|Dragapult, L50, M|100/100\n|switch|p2a: Grimmsnarl|Grimmsnarl, L50, M|100/100\n|switch|p2b: Volcarona|Volcarona, L50, F|100/100\n|-ability|p1a: Incineroar|Intimidate|boost\n|-unboost|p2a: Grimmsnarl|atk|1\n|-unboost|p2b: Volcarona|atk|1\n|turn|1\n|inactive|akash._bhandari has 30 seconds left.\n|\n|t:|1735740405\n|move|p2b: Volcarona|Protect|p2b: Volcarona\n|-singleturn|p2b: Volcarona|Protect\n|move|p1a: Incineroar|Fake Out|p2a: Grimmsnarl\n|-crit|p2a: Grimmsnarl\n|-damage|p2a: Grimmsnarl|83/100\n|cant|p2a: Grimmsnarl|flinch\n|move|p1b: Dragapult|Dragon Dance|p1b: Dragapult\n|-boost|p1b: Dragapult|atk|1\n|-boost|p1b: Dragapult|spe|1\n|\n|upkeep\n|turn|2\n|\n|t:|1735740423\n|move|p2a: Grimmsnarl|Reflect|p2a: Grimmsnarl\n|-sidestart|p2: redbrood|Reflect\n|move|p1b: Dragapult|Phantom Force||[still]\n|-prepare|p1b: Dragapult|Phantom Force\n|move|p2b: Volcarona|Quiver Dance|p2b: Volcarona\n|-boost|p2b: Volcarona|spa|1\n|-boost|p2b: Volcarona|spd|1\n|-boost|p2b: Volcarona|spe|1\n|move|p1a: Incineroar|Flare Blitz|p2a: Grimmsnarl\n|-damage|p2a: Grimmsnarl|49/100\n|-damage|p1a: Incineroar|87/100|[from] Recoil\n|\n|upkeep\n|turn|3\n|\n|t:|1735740439\n|move|p2b: Volcarona|Protect|p2b: Volcarona\n|-singleturn|p2b: Volcarona|Protect\n|move|p1b: Dragapult|Phantom Force|p2a: Grimmsnarl|[from]lockedmove\n|-resisted|p2a: Grimmsnarl\n|-damage|p2a: Grimmsnarl|26/100\n|move|p1a: Incineroar|Flare Blitz|p2a: Grimmsnarl\n|-damage|p2a: Grimmsnarl|0 fnt\n|faint|p2a: Grimmsnarl\n|-damage|p1a: Incineroar|77/100|[from] Recoil\n|\n|upkeep\n|\n|t:|1735740449\n|switch|p2a: Oricorio|Oricorio-Sensu, L50, F, shiny|100/100\n|turn|4\n|\n|t:|1735740463\n|move|p1b: Dragapult|Dragon Darts|p2a: Oricorio\n|-damage|p2a: Oricorio|54/100\n|-anim|p1b: Dragapult|Dragon Darts|p2b: Volcarona\n|-damage|p2b: Volcarona|75/100\n|move|p2b: Volcarona|Quiver Dance|p2b: Volcarona\n|-boost|p2b: Volcarona|spa|1\n|-boost|p2b: Volcarona|spd|1\n|-boost|p2b: Volcarona|spe|1\n|-activate|p2a: Oricorio|ability: Dancer\n|move|p2a: Oricorio|Quiver Dance|p2a: Oricorio|[from]ability: Dancer\n|-boost|p2a: Oricorio|spa|1\n|-boost|p2a: Oricorio|spd|1\n|-boost|p2a: Oricorio|spe|1\n|move|p2a: Oricorio|Icy Wind|p1a: Incineroar|[spread] p1a,p1b\n|-resisted|p1a: Incineroar\n|-supereffective|p1b: Dragapult\n|-damage|p1a: Incineroar|70/100\n|-damage|p1b: Dragapult|48/100\n|-unboost|p1a: Incineroar|spe|1\n|-enditem|p1b: Dragapult|Sitrus Berry|[eat]\n|-heal|p1b: Dragapult|72/100|[from] item: Sitrus Berry\n|move|p1a: Incineroar|Darkest Lariat|p2a: Oricorio\n|-supereffective|p2a: Oricorio\n|-damage|p2a: Oricorio|0 fnt\n|faint|p2a: Oricorio\n|\n|-heal|p2b: Volcarona|82/100|[from] item: Leftovers\n|upkeep\n|\n|t:|1735740483\n|switch|p2a: Archaludon|Archaludon, L50, M|100/100\n|turn|5\n|\n|t:|1735740504\n|move|p1b: Dragapult|Dragon Darts|p2a: Archaludon\n|-damage|p2a: Archaludon|80/100\n|-ability|p2a: Archaludon|Stamina|boost\n|-boost|p2a: Archaludon|def|1\n|-anim|p1b: Dragapult|Dragon Darts|p2b: Volcarona\n|-damage|p2b: Volcarona|57/100\n|move|p2b: Volcarona|Quiver Dance|p2b: Volcarona\n|-boost|p2b: Volcarona|spa|1\n|-boost|p2b: Volcarona|spd|1\n|-boost|p2b: Volcarona|spe|1\n|move|p2a: Archaludon|Flash Cannon|p1b: Dragapult\n|-damage|p1b: Dragapult|24/100\n|move|p1a: Incineroar|Flare Blitz|p2a: Archaludon\n|-damage|p2a: Archaludon|60/100\n|-ability|p2a: Archaludon|Stamina|boost\n|-boost|p2a: Archaludon|def|1\n|-damage|p1a: Incineroar|62/100|[from] Recoil\n|\n|-heal|p2b: Volcarona|64/100|[from] item: Leftovers\n|upkeep\n|turn|6\n|\n|t:|1735740525\n|switch|p1b: Politoed|Politoed, L50, M|100/100\n|-weather|RainDance|[from] ability: Drizzle|[of] p1b: Politoed\n|switch|p1a: Archaludon|Archaludon, L50, M|100/100\n|move|p2b: Volcarona|Fiery Dance|p1b: Politoed\n|-resisted|p1b: Politoed\n|-crit|p1b: Politoed\n|-damage|p1b: Politoed|66/100\n|move|p2a: Archaludon|Body Press|p1a: Archaludon\n|-supereffective|p1a: Archaludon\n|-damage|p1a: Archaludon|27/100\n|-ability|p1a: Archaludon|Stamina|boost\n|-boost|p1a: Archaludon|def|1\n|\n|-weather|RainDance|[upkeep]\n|-heal|p2b: Volcarona|70/100|[from] item: Leftovers\n|-heal|p1b: Politoed|72/100|[from] item: Leftovers\n|upkeep\n|turn|7\n|inactive|akash._bhandari has 30 seconds left.\n|inactive|akash._bhandari has 20 seconds left.\n|inactive|akash._bhandari has 15 seconds left.\n|\n|t:|1735740569\n|switch|p1a: Incineroar|Incineroar, L50, M|62/100\n|-ability|p1a: Incineroar|Intimidate|boost\n|-unboost|p2a: Archaludon|atk|1\n|-unboost|p2b: Volcarona|atk|1\n|-terastallize|p2b: Volcarona|Grass\n|move|p2b: Volcarona|Quiver Dance|p2b: Volcarona\n|-boost|p2b: Volcarona|spa|1\n|-boost|p2b: Volcarona|spd|1\n|-boost|p2b: Volcarona|spe|1\n|move|p2a: Archaludon|Electro Shot||[still]\n|-prepare|p2a: Archaludon|Electro Shot\n|-boost|p2a: Archaludon|spa|1\n|-anim|p2a: Archaludon|Electro Shot|p1b: Politoed\n|-supereffective|p1b: Politoed\n|-damage|p1b: Politoed|0 fnt\n|faint|p1b: Politoed\n|\n|-weather|RainDance|[upkeep]\n|-heal|p2b: Volcarona|76/100|[from] item: Leftovers\n|upkeep\n|\n|t:|1735740586\n|switch|p1b: Archaludon|Archaludon, L50, M|27/100\n|turn|8\n|\n|t:|1735740607\n|-terastallize|p1b: Archaludon|Electric\n|move|p2b: Volcarona|Protect|p2b: Volcarona\n|-singleturn|p2b: Volcarona|Protect\n|move|p1a: Incineroar|Fake Out|p2a: Archaludon\n|-resisted|p2a: Archaludon\n|-damage|p2a: Archaludon|58/100\n|-ability|p2a: Archaludon|Stamina|boost\n|-boost|p2a: Archaludon|def|1\n|move|p1b: Archaludon|Electro Shot||[still]\n|-prepare|p1b: Archaludon|Electro Shot\n|-boost|p1b: Archaludon|spa|1\n|-anim|p1b: Archaludon|Electro Shot|p2a: Archaludon\n|-resisted|p2a: Archaludon\n|-damage|p2a: Archaludon|20/100\n|-ability|p2a: Archaludon|Stamina|boost\n|-boost|p2a: Archaludon|def|1\n|cant|p2a: Archaludon|flinch\n|\n|-weather|RainDance|[upkeep]\n|-heal|p2b: Volcarona|82/100|[from] item: Leftovers\n|upkeep\n|turn|9\n|inactive|akash._bhandari has 30 seconds left.\n|inactive|redbrood has 30 seconds left.\n|\n|t:|1735740637\n|move|p2b: Volcarona|Giga Drain|p1b: Archaludon\n|-damage|p1b: Archaludon|0 fnt\n|-heal|p2b: Volcarona|94/100|[from] drain|[of] p1b: Archaludon\n|faint|p1b: Archaludon\n|move|p1a: Incineroar|Flare Blitz|p2b: Volcarona\n|-supereffective|p2b: Volcarona\n|-damage|p2b: Volcarona|60/100\n|-damage|p1a: Incineroar|50/100|[from] Recoil\n|move|p2a: Archaludon|Body Press|p1a: Incineroar\n|-supereffective|p1a: Incineroar\n|-damage|p1a: Incineroar|0 fnt\n|faint|p1a: Incineroar\n|\n|-weather|RainDance|[upkeep]\n|-heal|p2b: Volcarona|67/100|[from] item: Leftovers\n|-sideend|p2: redbrood|Reflect\n|upkeep\n|\n|t:|1735740661\n|switch|p1b: Dragapult|Dragapult, L50, M|24/100\n|turn|10\n|-message|akash._bhandari forfeited.\n|\n|win|redbrood\n|raw|akash._bhandari's rating: 1306 &rarr; <strong>1291</strong><br />(-15 for losing)\n|raw|redbrood's rating: 1389 &rarr; <strong>1404</strong><br />(+15 for winning)\n|l|\u2606akash._bhandari\n|player|p1|\n|l|\u2606redbrood\n|player|p2|\n",
  "uploadtime": 1735740998,
  "views": 21,
  "formatid": "gen9vgc2024regh",
  "rating": 1291,
  "private": 0,
  "password": null
}