{
  "id": "gen9vgc2024regh-2273103153",
  "format": "[Gen 9] VGC 2024 Reg H",
  "players": [
    "dontaskwhaticook",
    "gengardico+"
  ],
  "log": "|j|\u2606dontaskwhaticook\n|j|\u2606gengardico+\n|t:|1735730725\n|gametype|doubles\n|player|p1|dontaskwhaticook|colress|1150\n|player|p2|gengardico+|scientist|1174\n|teamsize|p1|6\n|teamsize|p2|6\n|gen|9\n|tier|[Gen 9] VGC 2024 Reg H\n|rated|\n|rule|Species Clause: Limit one of each Pok\u00e9mon\n|rule|Item Clause: Limit 1 of each item\n|clearpoke\n|poke|p1|Metagross, L50|\n|poke|p1|Indeedee-F, L50, F|\n|poke|p1|Pawmot, L50, M|\n|poke|p1|Whimsicott, L50, F|\n|poke|p1|Volcarona, L50, M|\n|poke|p1|Hatterene, L50, F|\n|poke|p2|Floatzel, L50, F|\n|poke|p2|Pelipper, L50, F|\n|poke|p2|Krookodile, L50, M|\n|poke|p2|Archaludon, L50, F|\n|poke|p2|Skeledirge, L50, F|\n|poke|p2|Maushold-Four, L50|\n|teampreview|4\n|\n|t:|1735730752\n|start\n|switch|p1a: Volcarona|Volcarona, L50, M|100/100\n|switch|p1b: Whimsicott|Whimsicott, L50, F|100/100\n|switch|p2a: donnola|Floatzel, L50, F|100/100\n|switch|p2b: uccello|Pelipper, L50, F, shiny|100/100\n|-weather|RainDance|[from] ability: Drizzle|[of] p2b: uccello\n|turn|1\n|\n|t:|1735730786\n|-terastallize|p1a: Volcarona|Grass\n|move|p1b: Whimsicott|Sunny Day|p1b: Whimsicott\n|-weather|SunnyDay\n|move|p2a: donnola|Liquidation|p1a: Volcarona\n|-resisted|p1a: Volcarona\n|-damage|p1a: Volcarona|86/100\n|-status|p2a: donnola|brn|[from] ability: Flame Body|[of] p1a: Volcarona\n|move|p1a: Volcarona|Quiver Dance|p1a: Volcarona\n|-boost|p1a: Volcarona|spa|1\n|-boost|p1a: Volcarona|spd|1\n|-boost|p1a: Volcarona|spe|1\n|move|p2b: uccello|Tailwind|p2b: uccello\n|-sidestart|p2: gengardico+|move: Tailwind\n|\n|-weather|SunnyDay|[upkeep]\n|-heal|p1a: Volcarona|93/100|[from] item: Leftovers\n|-damage|p2a: donnola|94/100 brn|[from] brn\n|upkeep\n|turn|2\n|\n|t:|1735730818\n|switch|p2a: topini|Maushold-Four, L50|100/100\n|move|p2b: uccello|Weather Ball|p1a: Volcarona\n|-supereffective|p1a: Volcarona\n|-damage|p1a: Volcarona|43/100\n|move|p1a: Volcarona|Giga Drain|p2b: uccello\n|-damage|p2b: uccello|34/100\n|-heal|p1a: Volcarona|66/100|[from] drain|[of] p2b: uccello\n|move|p1b: Whimsicott|Moonblast|p2b: uccello\n|-damage|p2b: uccello|0 fnt\n|faint|p2b: uccello\n|\n|-weather|SunnyDay|[upkeep]\n|-heal|p1a: Volcarona|72/100|[from] item: Leftovers\n|upkeep\n|\n|t:|1735730840\n|switch|p2b: coso|Archaludon, L50, F|100/100\n|turn|3\n|\n|t:|1735730854\n|move|p1b: Whimsicott|Tailwind|p1b: Whimsicott\n|-sidestart|p1: dontaskwhaticook|move: Tailwind\n|move|p1a: Volcarona|Flamethrower|p2a: topini\n|-damage|p2a: topini|0 fnt\n|faint|p2a: topini\n|move|p2b: coso|Flash Cannon|p1b: Whimsicott\n|-supereffective|p1b: Whimsicott\n|-damage|p1b: Whimsicott|3/100\n|\n|-weather|SunnyDay|[upkeep]\n|-heal|p1a: Volcarona|79/100|[from] item: Leftovers\n|upkeep\n|\n|t:|1735730863\n|switch|p2a: donnola|Floatzel, L50, F|94/100 brn\n|turn|4\n|inactive|Battle timer is ON: inactive players will automatically lose when time's up. (requested by dontaskwhaticook)\n|\n|t:|1735730910\n|-terastallize|p2b: coso|Electric\n|move|p1a: Volcarona|Flamethrower|p2b: coso\n|-damage|p2b: coso|14/100\n|-ability|p2b: coso|Stamina|boost\n|-boost|p2b: coso|def|1\n|move|p2a: donnola|Wave Crash|p1b: Whimsicott\n|-resisted|p1b: Whimsicott\n|-damage|p1b: Whimsicott|0 fnt\n|faint|p1b: Whimsicott\n|-damage|p2a: donnola|94/100 brn|[from] Recoil\n|move|p2b: coso|Flash Cannon|p1a: Volcarona\n|-damage|p1a: Volcarona|54/100\n|\n|-weather|SunnyDay|[upkeep]\n|-heal|p1a: Volcarona|60/100|[from] item: Leftovers\n|-damage|p2a: donnola|87/100 brn|[from] brn\n|-sideend|p2: gengardico+|move: Tailwind\n|upkeep\n|\n|t:|1735730929\n|switch|p1b: Pawmot|Pawmot, L50, M|100/100\n|turn|5\n|-message|gengardico+ forfeited.\n|\n|win|dontaskwhaticook\n|raw|dontaskwhaticook's rating: 1150 &rarr; <strong>1177</strong><br />(+27 for winning)\n|raw|gengardico+'s rating: 1174 &rarr; <strong>1147</strong><br />(-27 for losing)\n|l|\u2606gengardico+\n|player|p2|\n|l|\u2606dontaskwhaticook\n|player|p1|\n",
  "uploadtime": 1735731404,
  "views": 33,
  "formatid": "gen9vgc2024regh",
  "rating": 1147,
  "private": 0,
  "password": null
}