{
  "id": "gen9vgc2024regh-2273192917",
  "format": "[Gen 9] VGC 2024 Reg H",
  "players": [
    "Badteamonpaper",
    "KamsyC11"
  ],
  "log": "|j|\u2606Badteamonpaper\n|j|\u2606KamsyC11\n|t:|1735747966\n|gametype|doubles\n|player|p1|Badteamonpaper|170|1332\n|player|p2|KamsyC11|169|1323\n|teamsize|p1|6\n|teamsize|p2|6\n|gen|9\n|tier|[Gen 9] VGC 2024 Reg H\n|rated|\n|rule|Species Clause: Limit one of each Pok\u00e9mon\n|rule|Item Clause: Limit 1 of each item\n|clearpoke\n|poke|p1|Quaquaval, L50, M|\n|poke|p1|Volcarona, L50, F|\n|poke|p1|Dondozo, L50, M|\n|poke|p1|Tatsugiri, L50, F|\n|poke|p1|Oricorio-Sensu, L50, M|\n|poke|p1|Kommo-o, L50, M|\n|poke|p2|Pelipper, L50, M|\n|poke|p2|Basculegion, L50, M|\n|poke|p2|Archaludon, L50, M|\n|poke|p2|Gholdengo, L50|\n|poke|p2|Amoonguss, L50, M|\n|poke|p2|Murkrow, L50, M|\n|teampreview|4\n|inactive|Battle timer is ON: inactive players will automatically lose when time's up. (requested by Badteamonpaper)\n|\n|t:|1735747999\n|start\n|switch|p1a: Oricorio|Oricorio-Sensu, L50, M, shiny|100/100\n|switch|p1b: Kommo-o|Kommo-o, L50, M, shiny|100/100\n|switch|p2a: Pelipper|Pelipper, L50, M|100/100\n|switch|p2b: Archaludon|Archaludon, L50, M|100/100\n|-weather|RainDance|[from] ability: Drizzle|[of] p2a: Pelipper\n|turn|1\n|inactive|KamsyC11 has 30 seconds left.\n|inactive|KamsyC11 has 20 seconds left.\n|inactive|KamsyC11 has 15 seconds left.\n|inactive|KamsyC11 has 10 seconds left.\n|inactive|KamsyC11 has 5 seconds left.\n|\n|t:|1735748049\n|move|p1b: Kommo-o|Clangorous Soul|p1b: Kommo-o\n|-boost|p1b: Kommo-o|atk|1\n|-boost|p1b: Kommo-o|def|1\n|-boost|p1b: Kommo-o|spa|1\n|-boost|p1b: Kommo-o|spd|1\n|-boost|p1b: Kommo-o|spe|1\n|-damage|p1b: Kommo-o|68/100\n|-activate|p1a: Oricorio|ability: Dancer\n|move|p1a: Oricorio|Clangorous Soul|p1a: Oricorio|[from]ability: Dancer\n|-boost|p1a: Oricorio|atk|1\n|-boost|p1a: Oricorio|def|1\n|-boost|p1a: Oricorio|spa|1\n|-boost|p1a: Oricorio|spd|1\n|-boost|p1a: Oricorio|spe|1\n|-damage|p1a: Oricorio|68/100\n|move|p1a: Oricorio|Tailwind|p1a: Oricorio\n|-sidestart|p1: Badteamonpaper|move: Tailwind\n|move|p2b: Archaludon|Draco Meteor|p1a: Oricorio\n|-damage|p1a: Oricorio|21/100\n|-unboost|p2b: Archaludon|spa|2\n|-enditem|p1a: Oricorio|Sitrus Berry|[eat]\n|-heal|p1a: Oricorio|46/100|[from] item: Sitrus Berry\n|move|p2a: Pelipper|Hurricane|p1b: Kommo-o\n|-supereffective|p1b: Kommo-o\n|-damage|p1b: Kommo-o|11/100\n|\n|-weather|RainDance|[upkeep]\n|upkeep\n|turn|2\n|inactive|Badteamonpaper has 30 seconds left.\n|inactive|KamsyC11 has 30 seconds left.\n|inactive|KamsyC11 has 20 seconds left.\n|inactive|KamsyC11 has 15 seconds left.\n|inactive|KamsyC11 has 10 seconds left.\n|inactive|KamsyC11 has 5 seconds left.\n|\n|t:|1735748102\n|switch|p2b: Gholdengo|Gholdengo, L50|100/100\n|move|p1b: Kommo-o|Clanging Scales|p2a: Pelipper|[spread] p2a,p2b\n|-resisted|p2b: Gholdengo\n|-damage|p2a: Pelipper|21/100\n|-damage|p2b: Gholdengo|71/100\n|-unboost|p1b: Kommo-o|def|1\n|-damage|p1b: Kommo-o|2/100|[from] item: Life Orb\n|move|p1a: Oricorio|Baton Pass|p1a: Oricorio\n|\n|t:|1735748112\n|switch|p1a: Dondozo|Dondozo, L50, M, shiny|100/100|[from] Baton Pass\n|move|p2a: Pelipper|Weather Ball|p1a: Dondozo\n|-resisted|p1a: Dondozo\n|-damage|p1a: Dondozo|80/100\n|\n|-weather|RainDance|[upkeep]\n|-heal|p1a: Dondozo|86/100|[from] item: Leftovers\n|upkeep\n|turn|3\n|inactive|KamsyC11 has 30 seconds left.\n|\n|t:|1735748142\n|switch|p2a: Amoonguss|Amoonguss, L50, M|100/100\n|move|p1a: Dondozo|Protect|p1a: Dondozo\n|-singleturn|p1a: Dondozo|Protect\n|move|p2b: Gholdengo|Protect|p2b: Gholdengo\n|-singleturn|p2b: Gholdengo|Protect\n|move|p1b: Kommo-o|Clanging Scales|p2b: Gholdengo|[spread] p2a\n|-activate|p2b: Gholdengo|move: Protect\n|-damage|p2a: Amoonguss|51/100\n|-unboost|p1b: Kommo-o|def|1\n|-damage|p1b: Kommo-o|0 fnt|[from] item: Life Orb\n|faint|p1b: Kommo-o\n|\n|-weather|RainDance|[upkeep]\n|-heal|p1a: Dondozo|92/100|[from] item: Leftovers\n|upkeep\n|\n|t:|1735748156\n|switch|p1b: Tatsugiri|Tatsugiri, L50, F, shiny|100/100\n|-activate|p1b: Tatsugiri|ability: Commander|[of] p1a: Dondozo\n|-boost|p1a: Dondozo|atk|2\n|-boost|p1a: Dondozo|spa|2\n|-boost|p1a: Dondozo|spe|2\n|-boost|p1a: Dondozo|def|2\n|-boost|p1a: Dondozo|spd|2\n|turn|4\n|\n|t:|1735748176\n|-terastallize|p1a: Dondozo|Stellar\n|move|p1a: Dondozo|Earthquake|p2a: Amoonguss|[spread] p2a,p2b\n|-miss|p1a: Dondozo|p1b: Tatsugiri\n|-supereffective|p2b: Gholdengo\n|-damage|p2a: Amoonguss|0 fnt\n|-damage|p2b: Gholdengo|0 fnt\n|faint|p2a: Amoonguss\n|faint|p2b: Gholdengo\n|\n|-weather|RainDance|[upkeep]\n|-heal|p1a: Dondozo|98/100|[from] item: Leftovers\n|-sideend|p1: Badteamonpaper|move: Tailwind\n|upkeep\n|\n|t:|1735748184\n|switch|p2b: Pelipper|Pelipper, L50, M|21/100\n|switch|p2a: Archaludon|Archaludon, L50, M|100/100\n|turn|5\n|\n|t:|1735748195\n|move|p1a: Dondozo|Order Up|p2b: Pelipper\n|-damage|p2b: Pelipper|0 fnt\n|faint|p2b: Pelipper\n|-boost|p1a: Dondozo|atk|1\n|move|p2a: Archaludon|Draco Meteor|p1a: Dondozo\n|-damage|p1a: Dondozo|75/100\n|-unboost|p2a: Archaludon|spa|2\n|\n|-weather|none\n|-heal|p1a: Dondozo|81/100|[from] item: Leftovers\n|upkeep\n|turn|6\n|\n|t:|1735748208\n|move|p1a: Dondozo|Earthquake|p2a: Archaludon|[spread] p2a\n|-miss|p1a: Dondozo|p1b: Tatsugiri\n|-supereffective|p2a: Archaludon\n|-damage|p2a: Archaludon|9/100\n|-ability|p2a: Archaludon|Stamina|boost\n|-boost|p2a: Archaludon|def|1\n|move|p2a: Archaludon|Draco Meteor|p1a: Dondozo\n|-damage|p1a: Dondozo|57/100\n|-unboost|p2a: Archaludon|spa|2\n|\n|-heal|p1a: Dondozo|63/100|[from] item: Leftovers\n|upkeep\n|turn|7\n|\n|t:|1735748221\n|move|p1a: Dondozo|Tera Blast|p2a: Archaludon|[anim] Tera Blast Stellar\n|-damage|p2a: Archaludon|0 fnt\n|-unboost|p1a: Dondozo|atk|1\n|-unboost|p1a: Dondozo|spa|1\n|faint|p2a: Archaludon\n|\n|win|Badteamonpaper\n|raw|Badteamonpaper's rating: 1332 &rarr; <strong>1351</strong><br />(+19 for winning)\n|raw|KamsyC11's rating: 1323 &rarr; <strong>1304</strong><br />(-19 for losing)\n|l|\u2606Badteamonpaper\n|player|p1|\n|l|\u2606KamsyC11\n|player|p2|\n",
  "uploadtime": 1735748612,
  "views": 131,
  "formatid": "gen9vgc2024regh",
  "rating": 1304,
  "private": 0,
  "password": null
}