{
  "id": "gen9vgc2024regh-2273217172",
  "format": "[Gen 9] VGC 2024 Reg H",
  "players": [
    "redbrood",
    "Shiftyboy"
  ],
  "log": "|j|\u2606redbrood\n|j|\u2606Shiftyboy\n|t:|1735751444\n|gametype|doubles\n|player|p1|redbrood|265|1383\n|player|p2|Shiftyboy|cynthia-gen7|1429\n|teamsize|p1|6\n|teamsize|p2|6\n|gen|9\n|tier|[Gen 9] VGC 2024 Reg H\n|rated|\n|rule|Species Clause: Limit one of each Pok\u00e9mon\n|rule|Item Clause: Limit 1 of each item\n|clearpoke\n|poke|p1|Grimmsnarl, L50, M|\n|poke|p1|Volcarona, L50, F|\n|poke|p1|Oricorio-Sensu, L50, F|\n|poke|p1|Incineroar, L50, M|\n|poke|p1|Archaludon, L50, M|\n|poke|p1|Politoed, L50, F|\n|poke|p2|Archaludon, L50, F|\n|poke|p2|Pelipper, L50, M|\n|poke|p2|Sinistcha, L50|\n|poke|p2|Sneasler, L50, M|\n|poke|p2|Annihilape, L50, M|\n|poke|p2|Maushold, L50|\n|teampreview|4\n|inactive|Battle timer is ON: inactive players will automatically lose when time's up. (requested by Shiftyboy)\nredbrood has agreed to open team sheets.\n|\n|t:|1735751464\n|start\n|switch|p1a: Incineroar|Incineroar, L50, M|100/100\n|switch|p1b: Volcarona|Volcarona, L50, F|100/100\n|switch|p2a: Annihilape|Annihilape, L50, M|100/100\n|switch|p2b: Maushold|Maushold, L50|100/100\n|-ability|p1a: Incineroar|Intimidate|boost\n|-unboost|p2a: Annihilape|atk|1\n|-ability|p2a: Annihilape|Defiant|boost\n|-boost|p2a: Annihilape|atk|2\n|-unboost|p2b: Maushold|atk|1\n|turn|1\n|\n|t:|1735751480\n|-terastallize|p2a: Annihilape|Fire\n|move|p2b: Maushold|Beat Up|p2a: Annihilape\n|-damage|p2a: Annihilape|99/100\n|-damage|p2a: Annihilape|97/100\n|-damage|p2a: Annihilape|95/100\n|-damage|p2a: Annihilape|93/100\n|-hitcount|p2a: Annihilape|4\n|move|p1a: Incineroar|Flare Blitz|p2a: Annihilape\n|-resisted|p2a: Annihilape\n|-damage|p2a: Annihilape|73/100\n|-damage|p1a: Incineroar|92/100|[from] Recoil\n|move|p1b: Volcarona|Quiver Dance|p1b: Volcarona\n|-boost|p1b: Volcarona|spa|1\n|-boost|p1b: Volcarona|spd|1\n|-boost|p1b: Volcarona|spe|1\n|move|p2a: Annihilape|Rage Fist|p1b: Volcarona\n|-damage|p1b: Volcarona|0 fnt\n|faint|p1b: Volcarona\n|\n|-heal|p2a: Annihilape|79/100|[from] item: Leftovers\n|upkeep\n|\n|t:|1735751487\n|switch|p1b: Oricorio|Oricorio-Sensu, L50, F, shiny|100/100\n|turn|2\n|\n|t:|1735751497\n|move|p2b: Maushold|Follow Me|p2b: Maushold\n|-singleturn|p2b: Maushold|move: Follow Me\n|move|p1b: Oricorio|Quiver Dance|p1b: Oricorio\n|-boost|p1b: Oricorio|spa|1\n|-boost|p1b: Oricorio|spd|1\n|-boost|p1b: Oricorio|spe|1\n|move|p1a: Incineroar|Knock Off|p2b: Maushold\n|-damage|p2b: Maushold|26/100\n|-enditem|p2b: Maushold|Safety Goggles|[from] move: Knock Off|[of] p1a: Incineroar\n|move|p2a: Annihilape|Rage Fist|p1b: Oricorio\n|-supereffective|p1b: Oricorio\n|-enditem|p1b: Oricorio|Focus Sash\n|-damage|p1b: Oricorio|1/100\n|\n|-heal|p2a: Annihilape|85/100|[from] item: Leftovers\n|upkeep\n|turn|3\n|inactive|redbrood has 30 seconds left.\n|inactive|Shiftyboy has 30 seconds left.\n|inactive|redbrood has 20 seconds left.\n|\n|t:|1735751533\n|move|p2b: Maushold|Follow Me|p2b: Maushold\n|-singleturn|p2b: Maushold|move: Follow Me\n|move|p1b: Oricorio|Air Slash|p2b: Maushold\n|-damage|p2b: Maushold|0 fnt\n|faint|p2b: Maushold\n|move|p1a: Incineroar|Knock Off|p2a: Annihilape\n|-damage|p2a: Annihilape|35/100\n|-enditem|p2a: Annihilape|Leftovers|[from] move: Knock Off|[of] p1a: Incineroar\n|move|p2a: Annihilape|Rage Fist|p1b: Oricorio\n|-supereffective|p1b: Oricorio\n|-damage|p1b: Oricorio|0 fnt\n|faint|p1b: Oricorio\n|\n|upkeep\n|\n|t:|1735751551\n|switch|p2b: Sneasler|Sneasler, L50, M|100/100\n|switch|p1b: Archaludon|Archaludon, L50, M|100/100\n|turn|4\n|inactive|Shiftyboy has 30 seconds left.\n|\n|t:|1735751579\n|-terastallize|p1a: Incineroar|Fire\n|move|p2b: Sneasler|Close Combat|p1a: Incineroar\n|-damage|p1a: Incineroar|17/100\n|-unboost|p2b: Sneasler|def|1\n|-unboost|p2b: Sneasler|spd|1\n|move|p1a: Incineroar|Flare Blitz|p2b: Sneasler\n|-enditem|p2b: Sneasler|Focus Sash\n|-damage|p2b: Sneasler|1/100\n|-status|p2b: Sneasler|brn\n|-damage|p1a: Incineroar|0 fnt|[from] Recoil\n|faint|p1a: Incineroar\n|move|p2a: Annihilape|Drain Punch|p1b: Archaludon\n|-supereffective|p1b: Archaludon\n|-damage|p1b: Archaludon|24/100\n|-heal|p2a: Annihilape|70/100|[from] drain|[of] p1b: Archaludon\n|-ability|p1b: Archaludon|Stamina|boost\n|-boost|p1b: Archaludon|def|1\n|move|p1b: Archaludon|Body Press|p2a: Annihilape\n|-damage|p2a: Annihilape|38/100\n|\n|-damage|p2b: Sneasler|0 fnt|[from] brn\n|faint|p2b: Sneasler\n|upkeep\n|\n|t:|1735751593\n|switch|p2b: Archaludon|Archaludon, L50, F|100/100\n|turn|5\n|-message|redbrood forfeited.\n|\n|win|Shiftyboy\n|raw|redbrood's rating: 1383 &rarr; <strong>1366</strong><br />(-17 for losing)\n|raw|Shiftyboy's rating: 1429 &rarr; <strong>1446</strong><br />(+17 for winning)\n|l|\u2606redbrood\n|player|p1|\n|l|\u2606Shiftyboy\n|player|p2|\n",
  "uploadtime": 1735751935,
  "views": 333,
  "formatid": "gen9vgc2024regh",
  "rating": 1366,
  "private": 0,
  "password": null
}