{
  "id": "gen9vgc2024regh-2273140960",
  "format": "[Gen 9] VGC 2024 Reg H",
  "players": [
    "PugBurro",
    "Erfiero"
  ],
  "log": "|j|\u2606PugBurro\n|j|\u2606Erfiero\n|t:|1735739164\n|gametype|doubles\n|player|p1|PugBurro|crasherwake|1583\n|player|p2|Erfiero|clay|1583\n|teamsize|p1|6\n|teamsize|p2|6\n|gen|9\n|tier|[Gen 9] VGC 2024 Reg H\n|rated|\n|rule|Species Clause: Limit one of each Pok\u00e9mon\n|rule|Item Clause: Limit 1 of each item\n|clearpoke\n|poke|p1|Whimsicott, L50, M|\n|poke|p1|Typhlosion-Hisui, L50, M|\n|poke|p1|Clefairy, L50, M|\n|poke|p1|Ursaluna-Bloodmoon, L50, M|\n|poke|p1|Farigiraf, L50, M|\n|poke|p1|Annihilape, L50, F|\n|poke|p2|Tyranitar, L50, M|\n|poke|p2|Excadrill, L50, F|\n|poke|p2|Kommo-o, L50, F|\n|poke|p2|Rillaboom, L50, F|\n|poke|p2|Clefable, L50, F|\n|poke|p2|Gholdengo, L50|\n|teampreview|4\n|inactive|Battle timer is ON: inactive players will automatically lose when time's up. (requested by Erfiero)\n|inactive|Erfiero has 60 seconds left.\n|inactive|Erfiero has 30 seconds left.\n|inactive|Erfiero has 20 seconds left.\n|\n|t:|1735739237\n|start\n|switch|p1a: Whimsicott|Whimsicott, L50, M|100/100\n|switch|p1b: Typhlosion|Typhlosion-Hisui, L50, M|100/100\n|switch|p2a: Tyranitar|Tyranitar, L50, M|100/100\n|switch|p2b: Gholdengo|Gholdengo, L50|100/100\n|-weather|Sandstorm|[from] ability: Sand Stream|[of] p2a: Tyranitar\n|turn|1\n|\n|t:|1735739254\n|-terastallize|p1b: Typhlosion|Fire\n|-terastallize|p2b: Gholdengo|Dragon\n|move|p1a: Whimsicott|Sunny Day|p1a: Whimsicott\n|-weather|SunnyDay\n|move|p1b: Typhlosion|Heat Wave|p2a: Tyranitar|[spread] p2a,p2b\n|-resisted|p2a: Tyranitar\n|-resisted|p2b: Gholdengo\n|-damage|p2a: Tyranitar|69/100\n|-damage|p2b: Gholdengo|47/100\n|move|p2b: Gholdengo|Make It Rain|p1a: Whimsicott|[spread] p1a,p1b\n|-supereffective|p1a: Whimsicott\n|-resisted|p1b: Typhlosion\n|-enditem|p1a: Whimsicott|Focus Sash\n|-damage|p1a: Whimsicott|1/100\n|-damage|p1b: Typhlosion|61/100\n|-unboost|p2b: Gholdengo|spa|1\n|-damage|p2b: Gholdengo|37/100|[from] item: Life Orb\n|move|p2a: Tyranitar|Rock Slide|p1a: Whimsicott|[spread] p1a,p1b\n|-supereffective|p1b: Typhlosion\n|-damage|p1a: Whimsicott|0 fnt\n|-damage|p1b: Typhlosion|0 fnt\n|faint|p1a: Whimsicott\n|faint|p1b: Typhlosion\n|\n|-weather|SunnyDay|[upkeep]\n|upkeep\n|\n|t:|1735739271\n|switch|p1a: Annihilape|Annihilape, L50, F|100/100\n|switch|p1b: Ursaluna|Ursaluna-Bloodmoon, L50, M|100/100\n|turn|2\n|inactive|Erfiero has 30 seconds left.\n|\n|t:|1735739299\n|move|p1b: Ursaluna|Protect|p1b: Ursaluna\n|-singleturn|p1b: Ursaluna|Protect\n|move|p1a: Annihilape|Drain Punch|p2a: Tyranitar\n|-supereffective|p2a: Tyranitar\n|-damage|p2a: Tyranitar|0 fnt\n|faint|p2a: Tyranitar\n|move|p2b: Gholdengo|Make It Rain|p1b: Ursaluna|[spread] p1a\n|-activate|p1b: Ursaluna|move: Protect\n|-damage|p1a: Annihilape|76/100\n|-unboost|p2b: Gholdengo|spa|1\n|-damage|p2b: Gholdengo|28/100|[from] item: Life Orb\n|\n|-weather|SunnyDay|[upkeep]\n|upkeep\n|\n|t:|1735739305\n|switch|p2a: Rillaboom|Rillaboom, L50, F|100/100\n|-fieldstart|move: Grassy Terrain|[from] ability: Grassy Surge|[of] p2a: Rillaboom\n|turn|3\n|\n|t:|1735739324\n|switch|p2b: Excadrill|Excadrill, L50, F|100/100\n|move|p1a: Annihilape|Drain Punch|p2a: Rillaboom\n|-crit|p2a: Rillaboom\n|-damage|p2a: Rillaboom|44/100\n|-heal|p1a: Annihilape|100/100|[from] drain|[of] p2a: Rillaboom\n|move|p2a: Rillaboom|Wood Hammer|p1b: Ursaluna\n|-supereffective|p1b: Ursaluna\n|-damage|p1b: Ursaluna|0 fnt\n|faint|p1b: Ursaluna\n|-damage|p2a: Rillaboom|8/100|[from] Recoil\n|\n|-weather|SunnyDay|[upkeep]\n|-heal|p2a: Rillaboom|14/100|[from] Grassy Terrain\n|upkeep\n|turn|4\n|\n|t:|1735739341\n|move|p2a: Rillaboom|Grassy Glide|p1a: Annihilape\n|-damage|p1a: Annihilape|52/100\n|move|p1a: Annihilape|Drain Punch|p2b: Excadrill\n|-supereffective|p2b: Excadrill\n|-damage|p2b: Excadrill|4/100\n|-heal|p1a: Annihilape|97/100|[from] drain|[of] p2b: Excadrill\n|move|p2b: Excadrill|High Horsepower|p1a: Annihilape|[miss]\n|-miss|p2b: Excadrill|p1a: Annihilape\n|\n|-weather|SunnyDay|[upkeep]\n|-heal|p1a: Annihilape|100/100|[from] Grassy Terrain\n|-heal|p2b: Excadrill|10/100|[from] Grassy Terrain\n|-heal|p2a: Rillaboom|19/100|[from] Grassy Terrain\n|upkeep\n|turn|5\n|\n|t:|1735739357\n|move|p2a: Rillaboom|Grassy Glide|p1a: Annihilape\n|-damage|p1a: Annihilape|53/100\n|move|p1a: Annihilape|Drain Punch|p2a: Rillaboom\n|-damage|p2a: Rillaboom|0 fnt\n|-heal|p1a: Annihilape|62/100|[from] drain|[of] p2a: Rillaboom\n|faint|p2a: Rillaboom\n|move|p2b: Excadrill|High Horsepower|p1a: Annihilape\n|-damage|p1a: Annihilape|3/100\n|\n|-weather|none\n|-heal|p1a: Annihilape|9/100|[from] Grassy Terrain\n|-heal|p2b: Excadrill|16/100|[from] Grassy Terrain\n|upkeep\n|\n|t:|1735739363\n|switch|p2a: Gholdengo|Gholdengo, L50, tera:Dragon|28/100\n|turn|6\n|c|\u2606PugBurro|ggs\n|\n|t:|1735739386\n|move|p1a: Annihilape|Drain Punch|p2a: Gholdengo\n|-damage|p2a: Gholdengo|0 fnt\n|-heal|p1a: Annihilape|22/100|[from] drain|[of] p2a: Gholdengo\n|faint|p2a: Gholdengo\n|move|p2b: Excadrill|High Horsepower|p1a: Annihilape\n|-damage|p1a: Annihilape|0 fnt\n|faint|p1a: Annihilape\n|\n|win|Erfiero\n|raw|PugBurro's rating: 1583 &rarr; <strong>1563</strong><br />(-20 for losing)\n|raw|Erfiero's rating: 1583 &rarr; <strong>1603</strong><br />(+20 for winning)\n|l|\u2606Erfiero\n|player|p2|\n|l|\u2606PugBurro\n|player|p1|\n",
  "uploadtime": 1735739612,
  "views": 29,
  "formatid": "gen9vgc2024regh",
  "rating": 1563,
  "private": 0,
  "password": null
}