{
  "id": "gen9vgc2024regh-2273231908",
  "format": "[Gen 9] VGC 2024 Reg H",
  "players": [
    "BigBear2000",
    "JogoFuego"
  ],
  "log": "|j|\u2606BigBear2000\n|j|\u2606JogoFuego\n|t:|1735753508\n|gametype|doubles\n|player|p1|BigBear2000|bellelba|1501\n|player|p2|JogoFuego|bruno|1383\n|teamsize|p1|6\n|teamsize|p2|6\n|gen|9\n|tier|[Gen 9] VGC 2024 Reg H\n|rated|\n|rule|Species Clause: Limit one of each Pok\u00e9mon\n|rule|Item Clause: Limit 1 of each item\n|clearpoke\n|poke|p1|Tyranitar, L50, M|\n|poke|p1|Indeedee-F, L50, F|\n|poke|p1|Arcanine-Hisui, L50, M|\n|poke|p1|Ursaluna-Bloodmoon, L50, M|\n|poke|p1|Incineroar, L50, F|\n|poke|p1|Volcarona, L50, F|\n|poke|p2|Mamoswine, L50, M|\n|poke|p2|Basculegion, L50, M|\n|poke|p2|Sneasler, L50, M|\n|poke|p2|Sylveon, L50, M|\n|poke|p2|Pelipper, L50, F|\n|poke|p2|Rillaboom, L50, F|\n|teampreview|4\n|inactive|Battle timer is ON: inactive players will automatically lose when time's up. (requested by BigBear2000)\n|inactive|JogoFuego has 60 seconds left.\n|inactive|JogoFuego has 30 seconds left.\n|inactive|JogoFuego has 20 seconds left.\n|inactive|JogoFuego has 15 seconds left.\n|\n|t:|1735753590\n|start\n|switch|p1a: Indeedee|Indeedee-F, L50, F|100/100\n|switch|p1b: Arcanine|Arcanine-Hisui, L50, M|100/100\n|switch|p2a: Pelipper|Pelipper, L50, F|100/100\n|switch|p2b: Basculegion|Basculegion, L50, M|100/100\n|-ability|p1b: Arcanine|Intimidate|boost\n|-unboost|p2a: Pelipper|atk|1\n|-unboost|p2b: Basculegion|atk|1\n|-fieldstart|move: Psychic Terrain|[from] ability: Psychic Surge|[of] p1a: Indeedee\n|-weather|RainDance|[from] ability: Drizzle|[of] p2a: Pelipper\n|turn|1\n|inactive|JogoFuego has 30 seconds left.\n|inactive|JogoFuego has 20 seconds left.\n|\n|t:|1735753632\n|-terastallize|p1b: Arcanine|Grass\n|-terastallize|p2b: Basculegion|Water\n|move|p1a: Indeedee|Follow Me|p1a: Indeedee\n|-singleturn|p1a: Indeedee|move: Follow Me\n|move|p1b: Arcanine|Rock Slide|p2a: Pelipper|[spread] p2a,p2b\n|-supereffective|p2a: Pelipper\n|-damage|p2a: Pelipper|47/100\n|-damage|p2b: Basculegion|66/100\n|move|p2b: Basculegion|Wave Crash|p1a: Indeedee\n|-damage|p1a: Indeedee|17/100\n|-damage|p2b: Basculegion|50/100|[from] item: Rocky Helmet|[of] p1a: Indeedee\n|-damage|p2b: Basculegion|25/100|[from] Recoil\n|cant|p2a: Pelipper|flinch\n|\n|-weather|RainDance|[upkeep]\n|upkeep\n|turn|2\n|\n|t:|1735753654\n|switch|p1a: Tyranitar|Tyranitar, L50, M|100/100\n|-weather|Sandstorm|[from] ability: Sand Stream|[of] p1a: Tyranitar\n|move|p2a: Pelipper|Wide Guard|p2a: Pelipper\n|-singleturn|p2a: Pelipper|Wide Guard\n|move|p1b: Arcanine|Rock Slide|p2b: Basculegion|[spread] \n|-activate|p2a: Pelipper|move: Wide Guard\n|-activate|p2b: Basculegion|move: Wide Guard\n|move|p2b: Basculegion|Wave Crash|p1a: Tyranitar\n|-supereffective|p1a: Tyranitar\n|-damage|p1a: Tyranitar|16/100\n|-damage|p2b: Basculegion|0 fnt|[from] Recoil\n|faint|p2b: Basculegion\n|\n|-weather|Sandstorm|[upkeep]\n|-damage|p1b: Arcanine|94/100|[from] Sandstorm\n|-damage|p2a: Pelipper|41/100|[from] Sandstorm\n|upkeep\n|inactive|JogoFuego has 30 seconds left.\n|\n|t:|1735753679\n|switch|p2b: Sneasler|Sneasler, L50, M|100/100\n|turn|3\n|\n|t:|1735753694\n|switch|p1b: Indeedee|Indeedee-F, L50, F|17/100\n|move|p2a: Pelipper|Wide Guard|p2a: Pelipper\n|-singleturn|p2a: Pelipper|Wide Guard\n|move|p2b: Sneasler|Close Combat|p1a: Tyranitar\n|-supereffective|p1a: Tyranitar\n|-damage|p1a: Tyranitar|0 fnt\n|-unboost|p2b: Sneasler|def|1\n|-unboost|p2b: Sneasler|spd|1\n|-enditem|p2b: Sneasler|White Herb\n|-clearnegativeboost|p2b: Sneasler|[silent]\n|faint|p1a: Tyranitar\n|\n|-weather|Sandstorm|[upkeep]\n|-damage|p2b: Sneasler|95/100|[from] Sandstorm\n|-damage|p1b: Indeedee|11/100|[from] Sandstorm\n|-damage|p2a: Pelipper|35/100|[from] Sandstorm\n|upkeep\n|\n|t:|1735753703\n|switch|p1a: Arcanine|Arcanine-Hisui, L50, M, tera:Grass|94/100\n|-ability|p1a: Arcanine|Intimidate|boost\n|-unboost|p2a: Pelipper|atk|1\n|-unboost|p2b: Sneasler|atk|1\n|turn|4\n|inactive|JogoFuego has 30 seconds left.\n|inactive|JogoFuego has 20 seconds left.\n|\n|t:|1735753742\n|move|p1b: Indeedee|Follow Me|p1b: Indeedee\n|-singleturn|p1b: Indeedee|move: Follow Me\n|move|p2b: Sneasler|Dire Claw|p1b: Indeedee\n|-damage|p1b: Indeedee|0 fnt\n|-damage|p2b: Sneasler|79/100|[from] item: Rocky Helmet|[of] p1b: Indeedee\n|faint|p1b: Indeedee\n|move|p1a: Arcanine|Flare Blitz|p2b: Sneasler\n|-damage|p2b: Sneasler|0 fnt\n|faint|p2b: Sneasler\n|-damage|p1a: Arcanine|72/100|[from] Recoil\n|move|p2a: Pelipper|Weather Ball|p1a: Arcanine\n|-damage|p1a: Arcanine|31/100\n|\n|-weather|Sandstorm|[upkeep]\n|-damage|p1a: Arcanine|25/100|[from] Sandstorm\n|-damage|p2a: Pelipper|29/100|[from] Sandstorm\n|upkeep\n|\n|t:|1735753751\n|switch|p2b: Mamoswine|Mamoswine, L50, M|100/100\n|switch|p1b: Ursaluna|Ursaluna-Bloodmoon, L50, M|100/100\n|turn|5\n|\n|t:|1735753776\n|move|p1a: Arcanine|Flare Blitz|p2b: Mamoswine\n|-supereffective|p2b: Mamoswine\n|-damage|p2b: Mamoswine|0 fnt\n|faint|p2b: Mamoswine\n|-damage|p1a: Arcanine|0 fnt|[from] Recoil\n|faint|p1a: Arcanine\n|move|p2a: Pelipper|Weather Ball|p1b: Ursaluna\n|-resisted|p1b: Ursaluna\n|-damage|p1b: Ursaluna|83/100\n|move|p1b: Ursaluna|Blood Moon|p2a: Pelipper\n|-damage|p2a: Pelipper|0 fnt\n|faint|p2a: Pelipper\n|\n|win|BigBear2000\n|raw|BigBear2000's rating: 1501 &rarr; <strong>1514</strong><br />(+13 for winning)\n|raw|JogoFuego's rating: 1383 &rarr; <strong>1370</strong><br />(-13 for losing)\n|l|\u2606JogoFuego\n|player|p2|\n|l|\u2606BigBear2000\n|player|p1|\n|j|\u2606JogoFuego\n|player|p2|JogoFuego|bruno|\n|l|\u2606JogoFuego\n|player|p2|\n",
  "uploadtime": 1735754146,
  "views": 410,
  "formatid": "gen9vgc2024regh",
  "rating": 1370,
  "private": 0,
  "password": null
}