{
  "id": "gen9vgc2024regh-2273173775",
  "format": "[Gen 9] VGC 2024 Reg H",
  "players": [
    "BichoPelao",
    "rightwayup"
  ],
  "log": "|j|\u2606BichoPelao\n|j|\u2606rightwayup\n|t:|1735744975\n|gametype|doubles\n|player|p1|BichoPelao|n|1604\n|player|p2|rightwayup|hugh|1477\n|teamsize|p1|6\n|teamsize|p2|6\n|gen|9\n|tier|[Gen 9] VGC 2024 Reg H\n|rated|\n|rule|Species Clause: Limit one of each Pok\u00e9mon\n|rule|Item Clause: Limit 1 of each item\n|clearpoke\n|poke|p1|Rillaboom, L50, M|\n|poke|p1|Electabuzz, L50, M|\n|poke|p1|Archaludon, L50, F|\n|poke|p1|Kingambit, L50, M|\n|poke|p1|Pelipper, L50, M|\n|poke|p1|Basculegion, L50, M|\n|poke|p2|Sylveon, L50, F|\n|poke|p2|Whimsicott, L50, F|\n|poke|p2|Farigiraf, L50, F|\n|poke|p2|Zoroark-Hisui, L50, M|\n|poke|p2|Ursaluna-Bloodmoon, L50, M|\n|poke|p2|Sinistcha, L50|\n|teampreview|4\n|inactive|Battle timer is ON: inactive players will automatically lose when time's up. (requested by rightwayup)\n|inactive|BichoPelao also wants the timer to be on.\n|inactive|BichoPelao has 60 seconds left.\n|inactive|rightwayup has 60 seconds left.\n|\n|t:|1735745007\n|start\n|switch|p1a: Pelipper|Pelipper, L50, M|100/100\n|switch|p1b: Basculegion|Basculegion, L50, M|100/100\n|switch|p2a: Whimsicott|Whimsicott, L50, F|100/100\n|switch|p2b: Sylveon|Sylveon, L50, F|100/100\n|-weather|RainDance|[from] ability: Drizzle|[of] p1a: Pelipper\n|turn|1\n|\n|t:|1735745015\n|move|p2a: Whimsicott|Tailwind|p2a: Whimsicott\n|-sidestart|p2: rightwayup|move: Tailwind\n|move|p2b: Sylveon|Shadow Ball|p1b: Basculegion\n|-supereffective|p1b: Basculegion\n|-damage|p1b: Basculegion|0 fnt\n|faint|p1b: Basculegion\n|move|p1a: Pelipper|Hurricane|p2a: Whimsicott\n|-supereffective|p2a: Whimsicott\n|-enditem|p2a: Whimsicott|Focus Sash\n|-damage|p2a: Whimsicott|1/100\n|\n|-weather|RainDance|[upkeep]\n|upkeep\n|\n|t:|1735745025\n|switch|p1b: Kingambit|Kingambit, L50, M|100/100\n|turn|2\n|\n|t:|1735745047\n|switch|p2a: Sinistcha|Sinistcha, L50|100/100\n|move|p2b: Sylveon|Shadow Ball|p1a: Pelipper\n|-damage|p1a: Pelipper|28/100\n|move|p1a: Pelipper|Weather Ball|p2a: Sinistcha\n|-resisted|p2a: Sinistcha\n|-damage|p2a: Sinistcha|69/100\n|move|p1b: Kingambit|Kowtow Cleave|p2b: Sylveon\n|-supereffective|p2b: Sylveon\n|-damage|p2b: Sylveon|0 fnt\n|replace|p2b: Zoroark|Zoroark-Hisui, L50, M\n|-end|p2b: Zoroark|Illusion\n|faint|p2b: Zoroark\n|\n|-weather|RainDance|[upkeep]\n|upkeep\n|\n|t:|1735745066\n|switch|p2b: Sylveon|Sylveon, L50, F|100/100\n|turn|3\n|\n|t:|1735745079\n|switch|p1a: Archaludon|Archaludon, L50, F|100/100\n|-terastallize|p2a: Sinistcha|Water\n|move|p2b: Sylveon|Hyper Voice|p1a: Archaludon|[spread] p1a,p1b\n|-crit|p1a: Archaludon\n|-damage|p1a: Archaludon|30/100\n|-damage|p1b: Kingambit|41/100\n|-ability|p1a: Archaludon|Stamina|boost\n|-boost|p1a: Archaludon|def|1\n|move|p2a: Sinistcha|Matcha Gotcha|p1a: Archaludon|[spread] p1a,p1b\n|-resisted|p1a: Archaludon\n|-resisted|p1b: Kingambit\n|-damage|p1a: Archaludon|25/100\n|-heal|p2a: Sinistcha|72/100|[from] drain|[of] p1a: Archaludon\n|-damage|p1b: Kingambit|28/100\n|-heal|p2a: Sinistcha|80/100|[from] drain|[of] p1b: Kingambit\n|-status|p1b: Kingambit|brn\n|-ability|p1a: Archaludon|Stamina|boost\n|-boost|p1a: Archaludon|def|1\n|move|p1b: Kingambit|Kowtow Cleave|p2a: Sinistcha\n|-damage|p2a: Sinistcha|51/100\n|\n|-weather|RainDance|[upkeep]\n|-damage|p1b: Kingambit|22/100 brn|[from] brn\n|upkeep\n|turn|4\n|inactive|BichoPelao has 30 seconds left.\n|\n|t:|1735745107\n|move|p1b: Kingambit|Sucker Punch|p2a: Sinistcha\n|-damage|p2a: Sinistcha|30/100\n|-enditem|p2a: Sinistcha|Sitrus Berry|[eat]\n|-heal|p2a: Sinistcha|55/100|[from] item: Sitrus Berry\n|move|p2b: Sylveon|Hyper Voice|p1b: Kingambit|[spread] p1a,p1b\n|-damage|p1a: Archaludon|0 fnt\n|-damage|p1b: Kingambit|0 fnt\n|faint|p1a: Archaludon\n|faint|p1b: Kingambit\n|move|p2a: Sinistcha|Matcha Gotcha|p1: Archaludon|[notarget]\n|-fail|p2a: Sinistcha\n|\n|-weather|RainDance|[upkeep]\n|-sideend|p2: rightwayup|move: Tailwind\n|upkeep\n|\n|t:|1735745109\n|switch|p1b: Pelipper|Pelipper, L50, M|28/100\n|turn|5\n|\n|t:|1735745119\n|move|p1b: Pelipper|Hurricane|p2a: Sinistcha\n|-damage|p2a: Sinistcha|8/100\n|move|p2b: Sylveon|Hyper Voice|p1b: Pelipper\n|-damage|p1b: Pelipper|0 fnt\n|faint|p1b: Pelipper\n|\n|win|rightwayup\n|raw|BichoPelao's rating: 1604 &rarr; <strong>1577</strong><br />(-27 for losing)\n|raw|rightwayup's rating: 1477 &rarr; <strong>1504</strong><br />(+27 for winning)\n|l|\u2606BichoPelao\n|player|p1|\n|l|\u2606rightwayup\n|player|p2|\n",
  "uploadtime": 1735745289,
  "views": 136,
  "formatid": "gen9vgc2024regh",
  "rating": 1504,
  "private": 0,
  "password": null
}