{
  "id": "gen9vgc2024regh-2273117230",
  "format": "[Gen 9] VGC 2024 Reg H",
  "players": [
    "gttle",
    "Gcddtyjngff"
  ],
  "log": "|j|\u2606gttle\n|j|\u2606Gcddtyjngff\n|t:|1735734115\n|gametype|doubles\n|player|p1|gttle|265|1000\n|player|p2|Gcddtyjngff|169|1114\n|teamsize|p1|6\n|teamsize|p2|6\n|gen|9\n|tier|[Gen 9] VGC 2024 Reg H\n|rated|\n|rule|Species Clause: Limit one of each Pok\u00e9mon\n|rule|Item Clause: Limit 1 of each item\n|clearpoke\n|poke|p1|Whimsicott, L50, F|\n|poke|p1|Ursaluna-Bloodmoon, L50, M|\n|poke|p1|Dragonite, L50, F|\n|poke|p1|Archaludon, L50, F|\n|poke|p1|Annihilape, L50, F|\n|poke|p1|Incineroar, L50, F|\n|poke|p2|Smeargle, L50, M|\n|poke|p2|Muk-Alola, L50, M|\n|poke|p2|Umbreon, L50, M|\n|poke|p2|Annihilape, L50, M|\n|poke|p2|Volcarona, L50, F|\n|poke|p2|Grimmsnarl, L50, M|\n|teampreview|4\n|inactive|Battle timer is ON: inactive players will automatically lose when time's up. (requested by Gcddtyjngff)\nGcddtyjngff has agreed to open team sheets.\n|\n|t:|1735734140\n|start\n|switch|p1a: Whimsicott|Whimsicott, L50, F|100/100\n|switch|p1b: Annihilape|Annihilape, L50, F|100/100\n|switch|p2a: Grimmsnarl|Grimmsnarl, L50, M|100/100\n|switch|p2b: Volcarona|Volcarona, L50, F|100/100\n|turn|1\n|inactive|gttle has 30 seconds left.\n|inactive|gttle has 20 seconds left.\n|inactive|gttle has 15 seconds left.\n|inactive|gttle has 10 seconds left.\n|inactive|gttle has 5 seconds left.\n|\n|t:|1735734195\n|move|p2a: Grimmsnarl|Taunt|p1a: Whimsicott\n|-start|p1a: Whimsicott|move: Taunt\n|move|p1a: Whimsicott|Moonblast|p2b: Volcarona\n|-resisted|p2b: Volcarona\n|-damage|p2b: Volcarona|85/100\n|move|p1b: Annihilape|Rage Fist|p2b: Volcarona\n|-damage|p2b: Volcarona|65/100\n|-status|p1b: Annihilape|brn|[from] ability: Flame Body|[of] p2b: Volcarona\n|move|p2b: Volcarona|Quiver Dance|p2b: Volcarona\n|-boost|p2b: Volcarona|spa|1\n|-boost|p2b: Volcarona|spd|1\n|-boost|p2b: Volcarona|spe|1\n|\n|-damage|p1b: Annihilape|94/100 brn|[from] brn\n|upkeep\n|turn|2\n|\n|t:|1735734219\n|move|p2a: Grimmsnarl|Reflect|p2a: Grimmsnarl\n|-sidestart|p2: Gcddtyjngff|Reflect\n|move|p1a: Whimsicott|Moonblast|p2a: Grimmsnarl\n|-supereffective|p2a: Grimmsnarl\n|-damage|p2a: Grimmsnarl|37/100\n|move|p2b: Volcarona|Quiver Dance|p2b: Volcarona\n|-boost|p2b: Volcarona|spa|1\n|-boost|p2b: Volcarona|spd|1\n|-boost|p2b: Volcarona|spe|1\n|move|p1b: Annihilape|Rage Fist|p2b: Volcarona\n|-damage|p2b: Volcarona|59/100\n|\n|-damage|p1b: Annihilape|88/100 brn|[from] brn\n|upkeep\n|turn|3\n|inactive|Gcddtyjngff has 30 seconds left.\n|\n|t:|1735734245\n|move|p2a: Grimmsnarl|Light Screen|p2a: Grimmsnarl\n|-sidestart|p2: Gcddtyjngff|move: Light Screen\n|move|p2b: Volcarona|Heat Wave|p1a: Whimsicott|[spread] p1a,p1b\n|-supereffective|p1a: Whimsicott\n|-enditem|p1a: Whimsicott|Focus Sash\n|-damage|p1a: Whimsicott|1/100\n|-damage|p1b: Annihilape|5/100 brn\n|-status|p1a: Whimsicott|brn\n|-damage|p2b: Volcarona|49/100|[from] item: Life Orb\n|move|p1a: Whimsicott|Moonblast|p2a: Grimmsnarl\n|-supereffective|p2a: Grimmsnarl\n|-damage|p2a: Grimmsnarl|0 fnt\n|faint|p2a: Grimmsnarl\n|move|p1b: Annihilape|Final Gambit|p2b: Volcarona\n|-damage|p2b: Volcarona|44/100\n|faint|p1b: Annihilape\n|\n|-damage|p1a: Whimsicott|0 fnt|[from] brn\n|faint|p1a: Whimsicott\n|upkeep\n|\n|t:|1735734264\n|switch|p1a: Ursaluna|Ursaluna-Bloodmoon, L50, M|100/100\n|switch|p1b: Dragonite|Dragonite, L50, F|100/100\n|switch|p2a: Umbreon|Umbreon, L50, M|100/100\n|turn|4\n|\n|t:|1735734276\n|-terastallize|p2b: Volcarona|Grass\n|-terastallize|p1a: Ursaluna|Water\n|move|p2b: Volcarona|Giga Drain|p1a: Ursaluna\n|-supereffective|p1a: Ursaluna\n|-damage|p1a: Ursaluna|0 fnt\n|-heal|p2b: Volcarona|98/100|[from] drain|[of] p1a: Ursaluna\n|faint|p1a: Ursaluna\n|-damage|p2b: Volcarona|89/100|[from] item: Life Orb\n|move|p1b: Dragonite|Scale Shot|p2b: Volcarona\n|-damage|p2b: Volcarona|79/100\n|-damage|p2b: Volcarona|70/100\n|-damage|p2b: Volcarona|60/100\n|-damage|p2b: Volcarona|49/100\n|-damage|p2b: Volcarona|40/100\n|-hitcount|p2b: Volcarona|5\n|-unboost|p1b: Dragonite|def|1\n|-boost|p1b: Dragonite|spe|1\n|move|p2a: Umbreon|Psych Up|p2b: Volcarona\n|-copyboost|p2a: Umbreon|p2b: Volcarona|[from] move: Psych Up\n|\n|upkeep\n|turn|5\n|-message|gttle forfeited.\n|\n|win|Gcddtyjngff\n|raw|gttle's rating: 1000 &rarr; <strong>1000</strong><br />(+0 for losing)\n|raw|Gcddtyjngff's rating: 1114 &rarr; <strong>1131</strong><br />(+17 for winning)\n|l|\u2606gttle\n|player|p1|\n",
  "uploadtime": 1735734290,
  "views": 10,
  "formatid": "gen9vgc2024regh",
  "rating": 1000,
  "private": 0,
  "password": null
}