{
  "id": "gen9vgc2024regh-2273109452",
  "format": "[Gen 9] VGC 2024 Reg H",
  "players": [
    "sisi1",
    "xyyyyyz"
  ],
  "log": "|j|\u2606sisi1\n|j|\u2606xyyyyyz\n|t:|1735732292\n|gametype|doubles\n|player|p1|sisi1|dawn|1401\n|player|p2|xyyyyyz|miku-fire|1297\n|teamsize|p1|6\n|teamsize|p2|6\n|gen|9\n|tier|[Gen 9] VGC 2024 Reg H\n|rated|\n|rule|Species Clause: Limit one of each Pok\u00e9mon\n|rule|Item Clause: Limit 1 of each item\n|clearpoke\n|poke|p1|Primarina, L50, F|\n|poke|p1|Maushold, L50|\n|poke|p1|Indeedee-F, L50, F|\n|poke|p1|Armarouge, L50, F|\n|poke|p1|Gallade, L50, M|\n|poke|p1|Hatterene, L50, F|\n|poke|p2|Annihilape, L50, F|\n|poke|p2|Indeedee-F, L50, F|\n|poke|p2|Archaludon, L50, F|\n|poke|p2|Armarouge, L50, F|\n|poke|p2|Sylveon, L50, F|\n|poke|p2|Whimsicott, L50, M|\n|teampreview|4\n|inactive|Battle timer is ON: inactive players will automatically lose when time's up. (requested by xyyyyyz)\n|inactive|sisi1 has 60 seconds left.\n|\n|t:|1735732335\n|start\n|switch|p1a: Maushold|Maushold, L50|100/100\n|switch|p1b: Gallade|Gallade, L50, M|100/100\n|switch|p2a: Sylveon|Sylveon, L50, F|100/100\n|switch|p2b: Armarouge|Armarouge, L50, F|100/100\n|turn|1\n|inactive|sisi1 has 30 seconds left.\n|inactive|sisi1 has 20 seconds left.\n|inactive|sisi1 has 15 seconds left.\n|\n|t:|1735732379\n|move|p2b: Armarouge|Protect|p2b: Armarouge\n|-singleturn|p2b: Armarouge|Protect\n|move|p1b: Gallade|Wide Guard|p1b: Gallade\n|-singleturn|p1b: Gallade|Wide Guard\n|move|p1a: Maushold|Population Bomb|p2b: Armarouge\n|-activate|p2b: Armarouge|move: Protect\n|move|p2a: Sylveon|Hyper Voice|p1a: Maushold|[spread] \n|-activate|p1a: Maushold|move: Wide Guard\n|-activate|p1b: Gallade|move: Wide Guard\n|\n|upkeep\n|turn|2\n|\n|t:|1735732398\n|-terastallize|p2b: Armarouge|Dark\n|move|p2a: Sylveon|Quick Attack|p2b: Armarouge\n|-supereffective|p2b: Armarouge\n|-damage|p2b: Armarouge|74/100\n|-ability|p2b: Armarouge|Weak Armor|boost\n|-unboost|p2b: Armarouge|def|1\n|-boost|p2b: Armarouge|spe|2\n|-enditem|p2b: Armarouge|Weakness Policy\n|-boost|p2b: Armarouge|atk|2|[from] item: Weakness Policy\n|-boost|p2b: Armarouge|spa|2|[from] item: Weakness Policy\n|move|p2b: Armarouge|Aura Sphere|p1a: Maushold\n|-supereffective|p1a: Maushold\n|-damage|p1a: Maushold|0 fnt\n|faint|p1a: Maushold\n|move|p1b: Gallade|Psycho Cut|p2b: Armarouge\n|-immune|p2b: Armarouge\n|\n|upkeep\n|\n|t:|1735732422\n|switch|p1a: Primarina|Primarina, L50, F|100/100\n|turn|3\n|\n|t:|1735732428\n|move|p2b: Armarouge|Protect|p2b: Armarouge\n|-singleturn|p2b: Armarouge|Protect\n|move|p2a: Sylveon|Tera Blast|p1b: Gallade\n|-supereffective|p1b: Gallade\n|-crit|p1b: Gallade\n|-damage|p1b: Gallade|0 fnt\n|faint|p1b: Gallade\n|move|p1a: Primarina|Haze|p1a: Primarina\n|-clearallboost\n|\n|upkeep\n|\n|t:|1735732437\n|switch|p1b: Hatterene|Hatterene, L50, F|100/100\n|turn|4\n|\n|t:|1735732445\n|move|p2b: Armarouge|Expanding Force|p1a: Primarina\n|-damage|p1a: Primarina|51/100\n|move|p2a: Sylveon|Shadow Ball|p1b: Hatterene\n|-supereffective|p1b: Hatterene\n|-damage|p1b: Hatterene|47/100\n|move|p1a: Primarina|Hyper Voice|p2b: Armarouge|[spread] p2a,p2b\n|-damage|p2a: Sylveon|76/100\n|-damage|p2b: Armarouge|28/100\n|-enditem|p1a: Primarina|Throat Spray\n|-boost|p1a: Primarina|spa|1|[from] item: Throat Spray\n|move|p1b: Hatterene|Trick Room|p1b: Hatterene\n|-fieldstart|move: Trick Room|[of] p1b: Hatterene\n|\n|upkeep\n|turn|5\n|\n|t:|1735732463\n|move|p1b: Hatterene|Dazzling Gleam|p2b: Armarouge|[spread] p2a,p2b\n|-supereffective|p2b: Armarouge\n|-damage|p2a: Sylveon|46/100\n|-damage|p2b: Armarouge|0 fnt\n|faint|p2b: Armarouge\n|-damage|p1b: Hatterene|37/100|[from] item: Life Orb\n|move|p1a: Primarina|Hyper Voice|p2a: Sylveon\n|-crit|p2a: Sylveon\n|-damage|p2a: Sylveon|0 fnt\n|faint|p2a: Sylveon\n|\n|upkeep\n|\n|t:|1735732466\n|switch|p2a: Archaludon|Archaludon, L50, F|100/100\n|switch|p2b: Indeedee|Indeedee-F, L50, F|100/100\n|-fieldstart|move: Psychic Terrain|[from] ability: Psychic Surge|[of] p2b: Indeedee\n|turn|6\n|inactive|sisi1 has 30 seconds left.\n|\n|t:|1735732492\n|move|p2b: Indeedee|Follow Me|p2b: Indeedee\n|-singleturn|p2b: Indeedee|move: Follow Me\n|move|p1b: Hatterene|Expanding Force|p2a: Archaludon|[spread] p2a,p2b\n|-resisted|p2a: Archaludon\n|-resisted|p2b: Indeedee\n|-damage|p2a: Archaludon|68/100\n|-damage|p2b: Indeedee|56/100\n|-ability|p2a: Archaludon|Stamina|boost\n|-boost|p2a: Archaludon|def|1\n|-damage|p1b: Hatterene|27/100|[from] item: Life Orb\n|move|p1a: Primarina|Moonblast|p2b: Indeedee\n|-damage|p2b: Indeedee|0 fnt\n|faint|p2b: Indeedee\n|move|p2a: Archaludon|Flash Cannon|p1b: Hatterene\n|-supereffective|p1b: Hatterene\n|-damage|p1b: Hatterene|0 fnt\n|faint|p1b: Hatterene\n|\n|upkeep\n|turn|7\n|\n|t:|1735732513\n|-terastallize|p1a: Primarina|Water\n|move|p1a: Primarina|Moonblast|p2a: Archaludon\n|-damage|p2a: Archaludon|9/100\n|-ability|p2a: Archaludon|Stamina|boost\n|-boost|p2a: Archaludon|def|1\n|move|p2a: Archaludon|Flash Cannon|p1a: Primarina\n|-resisted|p1a: Primarina\n|-damage|p1a: Primarina|33/100\n|\n|upkeep\n|turn|8\n|-message|xyyyyyz forfeited.\n|\n|win|sisi1\n|raw|sisi1's rating: 1401 &rarr; <strong>1415</strong><br />(+14 for winning)\n|raw|xyyyyyz's rating: 1297 &rarr; <strong>1279</strong><br />(-18 for losing)\n|l|\u2606xyyyyyz\n|player|p2|\n",
  "uploadtime": 1735732556,
  "views": 23,
  "formatid": "gen9vgc2024regh",
  "rating": 1279,
  "private": 0,
  "password": null
}