{
  "id": "gen9vgc2024regh-2273191093",
  "format": "[Gen 9] VGC 2024 Reg H",
  "players": [
    "Snow48691412",
    "DonCoc0"
  ],
  "log": "|j|\u2606Snow48691412\n|j|\u2606DonCoc0\n|t:|1735747694\n|gametype|doubles\n|player|p1|Snow48691412|iris-gen5bw2|1468\n|player|p2|DonCoc0|cheren|1516\n|teamsize|p1|6\n|teamsize|p2|6\n|gen|9\n|tier|[Gen 9] VGC 2024 Reg H\n|rated|\n|rule|Species Clause: Limit one of each Pok\u00e9mon\n|rule|Item Clause: Limit 1 of each item\n|clearpoke\n|poke|p1|Volcarona, L50, M|\n|poke|p1|Rillaboom, L50, F|\n|poke|p1|Kingambit, L50, M|\n|poke|p1|Ninetales-Alola, L50, F|\n|poke|p1|Dragonite, L50, M|\n|poke|p1|Primarina, L50, M|\n|poke|p2|Barraskewda, L50, M|\n|poke|p2|Pelipper, L50, M|\n|poke|p2|Murkrow, L50, F|\n|poke|p2|Archaludon, L50, M|\n|poke|p2|Rillaboom, L50, M|\n|poke|p2|Farigiraf, L50, M|\n|teampreview|4\nDonCoc0 has agreed to open team sheets.\n|inactive|Battle timer is ON: inactive players will automatically lose when time's up. (requested by DonCoc0)\n|\n|t:|1735747732\n|start\n|switch|p1a: Volcarona|Volcarona, L50, M|100/100\n|switch|p1b: Rillaboom|Rillaboom, L50, F|100/100\n|switch|p2a: Melenia|Murkrow, L50, F|100/100\n|switch|p2b: Wallarrrrda|Barraskewda, L50, M, shiny|100/100\n|-fieldstart|move: Grassy Terrain|[from] ability: Grassy Surge|[of] p1b: Rillaboom\n|turn|1\n|inactive|Snow48691412 has 30 seconds left.\n|\n|t:|1735747759\n|switch|p2b: Canel\u00f3n|Archaludon, L50, M|100/100\n|move|p1b: Rillaboom|Fake Out|p2b: Canel\u00f3n\n|-resisted|p2b: Canel\u00f3n\n|-damage|p2b: Canel\u00f3n|96/100\n|-ability|p2b: Canel\u00f3n|Stamina|boost\n|-boost|p2b: Canel\u00f3n|def|1\n|move|p2a: Melenia|Rain Dance|p2a: Melenia\n|-weather|RainDance\n|move|p1a: Volcarona|Quiver Dance|p1a: Volcarona\n|-boost|p1a: Volcarona|spa|1\n|-boost|p1a: Volcarona|spd|1\n|-boost|p1a: Volcarona|spe|1\n|\n|-weather|RainDance|[upkeep]\n|-heal|p2b: Canel\u00f3n|100/100|[from] Grassy Terrain\n|upkeep\n|turn|2\n|\n|t:|1735747782\n|switch|p1b: Ninetales|Ninetales-Alola, L50, F|100/100\n|-weather|Snow|[from] ability: Snow Warning|[of] p1b: Ninetales\n|move|p1a: Volcarona|Quiver Dance|p1a: Volcarona\n|-boost|p1a: Volcarona|spa|1\n|-boost|p1a: Volcarona|spd|1\n|-boost|p1a: Volcarona|spe|1\n|move|p2a: Melenia|Snarl|p1b: Ninetales|[spread] p1a,p1b\n|-resisted|p1b: Ninetales\n|-damage|p1a: Volcarona|94/100\n|-damage|p1b: Ninetales|92/100\n|-unboost|p1a: Volcarona|spa|1\n|-unboost|p1b: Ninetales|spa|1\n|move|p2b: Canel\u00f3n|Electro Shot||[still]\n|-prepare|p2b: Canel\u00f3n|Electro Shot\n|-boost|p2b: Canel\u00f3n|spa|1\n|\n|-weather|Snow|[upkeep]\n|-heal|p1a: Volcarona|100/100|[from] Grassy Terrain\n|-heal|p1b: Ninetales|98/100|[from] Grassy Terrain\n|upkeep\n|turn|3\n|inactive|Snow48691412 has 30 seconds left.\n|inactive|Snow48691412 has 20 seconds left.\n|inactive|Snow48691412 has 15 seconds left.\n|\n|t:|1735747823\n|move|p2a: Melenia|Rain Dance|p2a: Melenia\n|-weather|RainDance\n|move|p1a: Volcarona|Tera Blast|p2a: Melenia\n|-damage|p2a: Melenia|54/100\n|move|p1b: Ninetales|Freeze-Dry|p2a: Melenia\n|-supereffective|p2a: Melenia\n|-damage|p2a: Melenia|0 fnt\n|faint|p2a: Melenia\n|move|p2b: Canel\u00f3n|Electro Shot|p1a: Volcarona|[from]lockedmove\n|-damage|p1a: Volcarona|70/100\n|\n|-weather|RainDance|[upkeep]\n|-heal|p1a: Volcarona|76/100|[from] Grassy Terrain\n|-heal|p1a: Volcarona|82/100|[from] item: Leftovers\n|-heal|p1b: Ninetales|100/100|[from] Grassy Terrain\n|upkeep\n|\n|t:|1735747837\n|switch|p2a: Wallarrrrda|Barraskewda, L50, M, shiny|100/100\n|turn|4\n|\n|t:|1735747847\n|switch|p1b: Rillaboom|Rillaboom, L50, F|100/100\n|move|p1a: Volcarona|Protect|p1a: Volcarona\n|-singleturn|p1a: Volcarona|Protect\n|move|p2a: Wallarrrrda|Waterfall|p1a: Volcarona\n|-activate|p1a: Volcarona|move: Protect\n|move|p2b: Canel\u00f3n|Electro Shot||[still]\n|-prepare|p2b: Canel\u00f3n|Electro Shot\n|-boost|p2b: Canel\u00f3n|spa|1\n|-anim|p2b: Canel\u00f3n|Electro Shot|p1b: Rillaboom\n|-resisted|p1b: Rillaboom\n|-damage|p1b: Rillaboom|71/100\n|\n|-weather|RainDance|[upkeep]\n|-heal|p1a: Volcarona|89/100|[from] Grassy Terrain\n|-heal|p1a: Volcarona|95/100|[from] item: Leftovers\n|-heal|p1b: Rillaboom|77/100|[from] Grassy Terrain\n|upkeep\n|turn|5\n|\n|t:|1735747872\n|switch|p1b: Ninetales|Ninetales-Alola, L50, F|100/100\n|-weather|Snow|[from] ability: Snow Warning|[of] p1b: Ninetales\n|-terastallize|p1a: Volcarona|Water\n|move|p1a: Volcarona|Heat Wave|p2b: Canel\u00f3n|[spread] p2b\n|-miss|p1a: Volcarona|p2a: Wallarrrrda\n|-damage|p2b: Canel\u00f3n|65/100\n|-ability|p2b: Canel\u00f3n|Stamina|boost\n|-boost|p2b: Canel\u00f3n|def|1\n|move|p2a: Wallarrrrda|Waterfall|p1a: Volcarona\n|-resisted|p1a: Volcarona\n|-damage|p1a: Volcarona|75/100\n|-status|p2a: Wallarrrrda|brn|[from] ability: Flame Body|[of] p1a: Volcarona\n|move|p2b: Canel\u00f3n|Flash Cannon|p1b: Ninetales\n|-supereffective|p1b: Ninetales\n|-damage|p1b: Ninetales|0 fnt\n|faint|p1b: Ninetales\n|\n|-weather|Snow|[upkeep]\n|-heal|p1a: Volcarona|81/100|[from] Grassy Terrain\n|-heal|p1a: Volcarona|87/100|[from] item: Leftovers\n|-heal|p2b: Canel\u00f3n|71/100|[from] Grassy Terrain\n|-damage|p2a: Wallarrrrda|95/100 brn|[from] brn\n|-fieldend|move: Grassy Terrain\n|upkeep\n|inactive|Snow48691412 has 30 seconds left.\n|\n|t:|1735747899\n|switch|p1b: Dragonite|Dragonite, L50, M|100/100\n|turn|6\n|\n|t:|1735747912\n|switch|p2a: Alterao|Pelipper, L50, M|100/100\n|-weather|RainDance|[from] ability: Drizzle|[of] p2a: Alterao\n|move|p1a: Volcarona|Heat Wave|p2b: Canel\u00f3n|[spread] p2a,p2b\n|-resisted|p2a: Alterao\n|-crit|p2a: Alterao\n|-damage|p2a: Alterao|69/100\n|-damage|p2b: Canel\u00f3n|53/100\n|-ability|p2b: Canel\u00f3n|Stamina|boost\n|-boost|p2b: Canel\u00f3n|def|1\n|move|p1b: Dragonite|Scale Shot|p2a: Alterao\n|-damage|p2a: Alterao|49/100\n|-damage|p2a: Alterao|31/100\n|-damage|p2a: Alterao|10/100\n|-damage|p2a: Alterao|0 fnt\n|faint|p2a: Alterao\n|-hitcount|p2: Alterao|4\n|-unboost|p1b: Dragonite|def|1\n|-boost|p1b: Dragonite|spe|1\n|move|p2b: Canel\u00f3n|Electro Shot||[still]\n|-prepare|p2b: Canel\u00f3n|Electro Shot\n|-boost|p2b: Canel\u00f3n|spa|1\n|-anim|p2b: Canel\u00f3n|Electro Shot|p1a: Volcarona\n|-supereffective|p1a: Volcarona\n|-damage|p1a: Volcarona|0 fnt\n|faint|p1a: Volcarona\n|\n|-weather|RainDance|[upkeep]\n|upkeep\n|inactive|Snow48691412 has 30 seconds left.\n|\n|t:|1735747938\n|switch|p1a: Rillaboom|Rillaboom, L50, F|77/100\n|switch|p2a: Wallarrrrda|Barraskewda, L50, M, shiny|95/100 brn\n|-fieldstart|move: Grassy Terrain|[from] ability: Grassy Surge|[of] p1a: Rillaboom\n|turn|7\n|inactive|DonCoc0 has 30 seconds left.\n|inactive|DonCoc0 has 20 seconds left.\n|\n|t:|1735747979\n|-terastallize|p2b: Canel\u00f3n|Fairy\n|move|p1a: Rillaboom|Grassy Glide|p2a: Wallarrrrda\n|-supereffective|p2a: Wallarrrrda\n|-damage|p2a: Wallarrrrda|0 fnt\n|faint|p2a: Wallarrrrda\n|move|p1b: Dragonite|Low Kick|p2b: Canel\u00f3n\n|-resisted|p2b: Canel\u00f3n\n|-damage|p2b: Canel\u00f3n|48/100\n|-ability|p2b: Canel\u00f3n|Stamina|boost\n|-boost|p2b: Canel\u00f3n|def|1\n|move|p2b: Canel\u00f3n|Draco Meteor|p1b: Dragonite\n|-supereffective|p1b: Dragonite\n|-damage|p1b: Dragonite|0 fnt\n|-unboost|p2b: Canel\u00f3n|spa|2\n|faint|p1b: Dragonite\n|\n|-weather|RainDance|[upkeep]\n|-heal|p1a: Rillaboom|83/100|[from] Grassy Terrain\n|-heal|p2b: Canel\u00f3n|54/100|[from] Grassy Terrain\n|upkeep\n|turn|8\n|\n|t:|1735748000\n|move|p1a: Rillaboom|Wood Hammer|p2b: Canel\u00f3n\n|-damage|p2b: Canel\u00f3n|38/100\n|-ability|p2b: Canel\u00f3n|Stamina|boost\n|-boost|p2b: Canel\u00f3n|def|1\n|-damage|p1a: Rillaboom|78/100|[from] Recoil\n|move|p2b: Canel\u00f3n|Body Press|p1a: Rillaboom\n|-damage|p1a: Rillaboom|0 fnt\n|faint|p1a: Rillaboom\n|\n|win|DonCoc0\n|raw|Snow48691412's rating: 1468 &rarr; <strong>1451</strong><br />(-17 for losing)\n|raw|DonCoc0's rating: 1516 &rarr; <strong>1533</strong><br />(+17 for winning)\n|l|\u2606Snow48691412\n|player|p1|\n|l|\u2606DonCoc0\n|player|p2|\n",
  "uploadtime": 1735748335,
  "views": 128,
  "formatid": "gen9vgc2024regh",
  "rating": 1451,
  "private": 0,
  "password": null
}