{
  "id": "gen9vgc2024regh-2273134692",
  "format": "[Gen 9] VGC 2024 Reg H",
  "players": [
    "yamede\u86c7\u5982",
    "Titosuave81"
  ],
  "log": "|j|\u2606yamede\u86c7\u5982\n|j|\u2606Titosuave81\n|t:|1735737918\n|gametype|doubles\n|player|p1|yamede\u86c7\u5982|2|1240\n|player|p2|Titosuave81|2|1371\n|teamsize|p1|6\n|teamsize|p2|6\n|gen|9\n|tier|[Gen 9] VGC 2024 Reg H\n|rated|\n|rule|Species Clause: Limit one of each Pok\u00e9mon\n|rule|Item Clause: Limit 1 of each item\n|clearpoke\n|poke|p1|Serperior, L50, F|\n|poke|p1|Ceruledge, L50, F|\n|poke|p1|Grimmsnarl, L50, M|\n|poke|p1|Sinistcha-Masterpiece, L50|\n|poke|p1|Talonflame, L50, F|\n|poke|p1|Rillaboom, L50, M|\n|poke|p2|Weezing-Galar, L50, F|\n|poke|p2|Toedscruel, L50, F|\n|poke|p2|Pawmot, L50, M|\n|poke|p2|Corviknight, L50, M|\n|poke|p2|Garchomp, L50, M|\n|poke|p2|Typhlosion-Hisui, L50, M|\n|teampreview|4\n|inactive|Battle timer is ON: inactive players will automatically lose when time's up. (requested by yamede\u86c7\u5982)\n|\n|t:|1735737982\n|start\n|switch|p1a: Talonflame|Talonflame, L50, F|100/100\n|switch|p1b: Rillaboom|Rillaboom, L50, M|100/100\n|switch|p2a: Weezing|Weezing-Galar, L50, F|100/100\n|switch|p2b: Toedscruel|Toedscruel, L50, F, shiny|100/100\n|-ability|p2a: Weezing|Neutralizing Gas\n|turn|1\n|\n|t:|1735738004\n|move|p1b: Rillaboom|Fake Out|p2a: Weezing\n|-damage|p2a: Weezing|86/100\n|move|p1a: Talonflame|Taunt|p2b: Toedscruel\n|-start|p2b: Toedscruel|move: Taunt\n|cant|p2b: Toedscruel|move: Taunt|Spore\n|cant|p2a: Weezing|flinch\n|\n|upkeep\n|turn|2\n|\n|t:|1735738022\n|move|p1a: Talonflame|Brave Bird|p2a: Weezing\n|-damage|p2a: Weezing|38/100\n|-damage|p1a: Talonflame|84/100|[from] Recoil\n|move|p2b: Toedscruel|Acid Spray|p1a: Talonflame\n|-damage|p1a: Talonflame|72/100\n|-unboost|p1a: Talonflame|spd|2\n|move|p1b: Rillaboom|High Horsepower|p2a: Weezing|[miss]\n|-miss|p1b: Rillaboom|p2a: Weezing\n|move|p2a: Weezing|Sludge Bomb|p1b: Rillaboom\n|-supereffective|p1b: Rillaboom\n|-damage|p1b: Rillaboom|21/100\n|\n|upkeep\n|turn|3\n|inactive|yamede\u86c7\u5982 has 30 seconds left.\n|inactive|Titosuave81 has 30 seconds left.\n|\n|t:|1735738053\n|move|p1a: Talonflame|Brave Bird|p2b: Toedscruel\n|-supereffective|p2b: Toedscruel\n|-crit|p2b: Toedscruel\n|-damage|p2b: Toedscruel|0 fnt\n|faint|p2b: Toedscruel\n|-damage|p1a: Talonflame|34/100|[from] Recoil\n|move|p1b: Rillaboom|U-turn|p2a: Weezing\n|-resisted|p2a: Weezing\n|-damage|p2a: Weezing|32/100\n|\n|t:|1735738062\n|switch|p1b: Ceruledge|Ceruledge, L50, F, shiny|100/100|[from] U-turn\n|move|p2a: Weezing|Sludge Bomb|p1b: Ceruledge\n|-resisted|p1b: Ceruledge\n|-damage|p1b: Ceruledge|81/100\n|\n|upkeep\n|\n|t:|1735738076\n|switch|p2b: Pawmot|Pawmot, L50, M|100/100\n|turn|4\n|inactive|yamede\u86c7\u5982 has 30 seconds left.\n|\n|t:|1735738110\n|move|p2b: Pawmot|Fake Out|p1a: Talonflame\n|-damage|p1a: Talonflame|15/100\n|cant|p1a: Talonflame|flinch\n|move|p1b: Ceruledge|Bulk Up|p1b: Ceruledge\n|-boost|p1b: Ceruledge|atk|1\n|-boost|p1b: Ceruledge|def|1\n|move|p2a: Weezing|Sludge Bomb|p1a: Talonflame\n|-damage|p1a: Talonflame|0 fnt\n|faint|p1a: Talonflame\n|\n|upkeep\n|\n|t:|1735738126\n|switch|p1a: Rillaboom|Rillaboom, L50, M|21/100\n|turn|5\n|\n|t:|1735738147\n|move|p2b: Pawmot|Protect|p2b: Pawmot\n|-singleturn|p2b: Pawmot|Protect\n|move|p1a: Rillaboom|Fake Out|p2b: Pawmot\n|-activate|p2b: Pawmot|move: Protect\n|move|p1b: Ceruledge|Bitter Blade|p2a: Weezing\n|-damage|p2a: Weezing|0 fnt\n|-heal|p1b: Ceruledge|94/100|[from] drain|[of] p2a: Weezing\n|faint|p2a: Weezing\n|-end|p2a: Weezing|ability: Neutralizing Gas\n|-fieldstart|move: Grassy Terrain|[from] ability: Grassy Surge|[of] p1a: Rillaboom\n|\n|-heal|p1a: Rillaboom|27/100|[from] Grassy Terrain\n|-heal|p1b: Ceruledge|100/100|[from] Grassy Terrain\n|upkeep\n|\n|t:|1735738161\n|switch|p2a: Corviknight|Corviknight, L50, M|100/100\n|turn|6\n|inactive|yamede\u86c7\u5982 has 30 seconds left.\n|inactive|yamede\u86c7\u5982 has 20 seconds left.\n|\n|t:|1735738200\n|-terastallize|p2b: Pawmot|Electric\n|move|p1a: Rillaboom|Grassy Glide|p2b: Pawmot\n|-damage|p2b: Pawmot|34/100\n|move|p2b: Pawmot|Double Shock|p1b: Ceruledge\n|-damage|p1b: Ceruledge|38/100\n|-start|p2b: Pawmot|typechange|Electric|[from] move: Double Shock\n|move|p1b: Ceruledge|Bulk Up|p1b: Ceruledge\n|-boost|p1b: Ceruledge|atk|1\n|-boost|p1b: Ceruledge|def|1\n|move|p2a: Corviknight|Brave Bird|p1a: Rillaboom\n|-supereffective|p1a: Rillaboom\n|-damage|p1a: Rillaboom|0 fnt\n|faint|p1a: Rillaboom\n|-damage|p2a: Corviknight|92/100|[from] Recoil\n|\n|-heal|p2b: Pawmot|40/100|[from] Grassy Terrain\n|-heal|p1b: Ceruledge|44/100|[from] Grassy Terrain\n|upkeep\n|\n|t:|1735738221\n|switch|p1a: Sinistcha|Sinistcha-Masterpiece, L50|100/100\n|-heal|p1b: Ceruledge|69/100|[from] ability: Hospitality|[of] p1a: Sinistcha\n|turn|7\n|\n|t:|1735738241\n|-terastallize|p1a: Sinistcha|Dark\n|move|p1b: Ceruledge|Shadow Sneak|p2b: Pawmot\n|-damage|p2b: Pawmot|0 fnt\n|faint|p2b: Pawmot\n|move|p1a: Sinistcha|Psych Up|p1b: Ceruledge\n|-copyboost|p1a: Sinistcha|p1b: Ceruledge|[from] move: Psych Up\n|move|p2a: Corviknight|Brave Bird|p1a: Sinistcha\n|-damage|p1a: Sinistcha|80/100\n|-damage|p2a: Corviknight|86/100|[from] Recoil\n|\n|-heal|p1b: Ceruledge|75/100|[from] Grassy Terrain\n|-heal|p1a: Sinistcha|86/100|[from] Grassy Terrain\n|upkeep\n|turn|8\n|-message|Titosuave81 forfeited.\n|\n|win|yamede\u86c7\u5982\n|raw|yamede\u86c7\u5982's rating: 1240 &rarr; <strong>1274</strong><br />(+34 for winning)\n|raw|Titosuave81's rating: 1371 &rarr; <strong>1344</strong><br />(-27 for losing)\n|l|\u2606Titosuave81\n|player|p2|\n|l|\u2606yamede\u86c7\u5982\n|player|p1|\n",
  "uploadtime": 1735738643,
  "views": 21,
  "formatid": "gen9vgc2024regh",
  "rating": 1274,
  "private": 0,
  "password": null
}