{
  "id": "gen9vgc2024regh-2273165895",
  "format": "[Gen 9] VGC 2024 Reg H",
  "players": [
    "TheStarLance",
    "timoaaaaa"
  ],
  "log": "|j|\u2606TheStarLance\n|j|\u2606timoaaaaa\n|t:|1735743687\n|gametype|doubles\n|player|p1|TheStarLance|lance|1492\n|player|p2|timoaaaaa|170|1380\n|teamsize|p1|6\n|teamsize|p2|6\n|gen|9\n|tier|[Gen 9] VGC 2024 Reg H\n|rated|\n|rule|Species Clause: Limit one of each Pok\u00e9mon\n|rule|Item Clause: Limit 1 of each item\n|clearpoke\n|poke|p1|Tatsugiri, L50, F|\n|poke|p1|Politoed, L50, F|\n|poke|p1|Sneasler, L50, M|\n|poke|p1|Archaludon, L50, F|\n|poke|p1|Flamigo, L50, F|\n|poke|p1|Dondozo, L50, F|\n|poke|p2|Metagross, L50|\n|poke|p2|Incineroar, L50, F|\n|poke|p2|Ursaluna-Bloodmoon, L50, M|\n|poke|p2|Amoonguss, L50, M|\n|poke|p2|Dragonite, L50, F|\n|poke|p2|Whimsicott, L50, F|\n|teampreview|4\n|\n|t:|1735743738\n|start\n|switch|p1a: Sneasler|Sneasler, L50, M|100/100\n|switch|p1b: Archaludon|Archaludon, L50, F|100/100\n|switch|p2a: Incineroar|Incineroar, L50, F|100/100\n|switch|p2b: Ursaluna|Ursaluna-Bloodmoon, L50, M|100/100\n|-ability|p2a: Incineroar|Intimidate|boost\n|-unboost|p1a: Sneasler|atk|1\n|-unboost|p1b: Archaludon|atk|1\n|turn|1\n|\n|t:|1735743763\n|move|p1a: Sneasler|Protect|p1a: Sneasler\n|-singleturn|p1a: Sneasler|Protect\n|move|p1b: Archaludon|Protect|p1b: Archaludon\n|-singleturn|p1b: Archaludon|Protect\n|move|p2a: Incineroar|Fake Out|p1a: Sneasler\n|-activate|p1a: Sneasler|move: Protect\n|move|p2b: Ursaluna|Blood Moon|p1b: Archaludon\n|-activate|p1b: Archaludon|move: Protect\n|\n|upkeep\n|turn|2\n|\n|t:|1735743804\n|switch|p2b: Amoonguss|Amoonguss, L50, M|100/100\n|move|p1a: Sneasler|Close Combat|p2b: Amoonguss\n|-resisted|p2b: Amoonguss\n|-damage|p2b: Amoonguss|80/100\n|-unboost|p1a: Sneasler|def|1\n|-unboost|p1a: Sneasler|spd|1\n|-damage|p1a: Sneasler|91/100|[from] item: Life Orb\n|move|p1b: Archaludon|Dragon Pulse|p2a: Incineroar\n|-damage|p2a: Incineroar|66/100\n|move|p2a: Incineroar|Parting Shot|p1a: Sneasler\n|-unboost|p1a: Sneasler|atk|1\n|-unboost|p1a: Sneasler|spa|1\n|\n|t:|1735743819\n|switch|p2a: Ursaluna|Ursaluna-Bloodmoon, L50, M|100/100|[from] Parting Shot\n|\n|upkeep\n|turn|3\n|\n|t:|1735743829\n|switch|p1a: Flamigo|Flamigo, L50, F|100/100\n|-copyboost|p1a: Flamigo|p1b: Archaludon|[from] ability: Costar\n|move|p1b: Archaludon|Protect|p1b: Archaludon\n|-singleturn|p1b: Archaludon|Protect\n|move|p2b: Amoonguss|Rage Powder|p2b: Amoonguss\n|-singleturn|p2b: Amoonguss|move: Rage Powder\n|move|p2a: Ursaluna|Hyper Voice|p1a: Flamigo|[spread] p1a\n|-activate|p1b: Archaludon|move: Protect\n|-damage|p1a: Flamigo|47/100\n|\n|upkeep\n|turn|4\n|\n|t:|1735743875\n|-terastallize|p2b: Amoonguss|Fire\n|move|p2b: Amoonguss|Rage Powder|p2b: Amoonguss\n|-singleturn|p2b: Amoonguss|move: Rage Powder\n|move|p1b: Archaludon|Dragon Pulse|p2b: Amoonguss\n|-damage|p2b: Amoonguss|42/100\n|-enditem|p2b: Amoonguss|Sitrus Berry|[eat]\n|-heal|p2b: Amoonguss|67/100|[from] item: Sitrus Berry\n|move|p1a: Flamigo|Brave Bird|p2b: Amoonguss\n|-damage|p2b: Amoonguss|41/100\n|-damage|p1a: Flamigo|37/100|[from] Recoil\n|move|p2a: Ursaluna|Hyper Voice|p1b: Archaludon|[spread] p1a,p1b\n|-resisted|p1b: Archaludon\n|-damage|p1a: Flamigo|0 fnt\n|-damage|p1b: Archaludon|72/100\n|faint|p1a: Flamigo\n|\n|upkeep\n|inactive|Battle timer is ON: inactive players will automatically lose when time's up. (requested by timoaaaaa)\n|\n|t:|1735743901\n|switch|p1a: Politoed|Politoed, L50, F|100/100\n|-weather|RainDance|[from] ability: Drizzle|[of] p1a: Politoed\n|turn|5\n|inactive|timoaaaaa has 30 seconds left.\n|\n|t:|1735743939\n|move|p1b: Archaludon|Protect|p1b: Archaludon\n|-singleturn|p1b: Archaludon|Protect\n|move|p2b: Amoonguss|Protect|p2b: Amoonguss\n|-singleturn|p2b: Amoonguss|Protect\n|move|p1a: Politoed|Weather Ball|p2b: Amoonguss\n|-activate|p2b: Amoonguss|move: Protect\n|move|p2a: Ursaluna|Blood Moon|p1b: Archaludon\n|-activate|p1b: Archaludon|move: Protect\n|\n|-weather|RainDance|[upkeep]\n|upkeep\n|turn|6\n|inactive|TheStarLance has 30 seconds left.\n|inactive|timoaaaaa has 30 seconds left.\n|inactive|TheStarLance has 20 seconds left.\n|inactive|timoaaaaa has 20 seconds left.\n|inactive|TheStarLance has 15 seconds left.\n|\n|t:|1735743979\n|switch|p2b: Metagross|Metagross, L50|100/100\n|move|p1b: Archaludon|Dragon Pulse|p2a: Ursaluna\n|-damage|p2a: Ursaluna|68/100\n|move|p1a: Politoed|Weather Ball|p2a: Ursaluna\n|-supereffective|p2a: Ursaluna\n|-damage|p2a: Ursaluna|0 fnt\n|faint|p2a: Ursaluna\n|\n|-weather|RainDance|[upkeep]\n|upkeep\n|\n|t:|1735743991\n|switch|p2a: Amoonguss|Amoonguss, L50, M, tera:Fire|74/100\n|turn|7\n|\n|t:|1735744014\n|move|p1b: Archaludon|Protect|p1b: Archaludon\n|-singleturn|p1b: Archaludon|Protect\n|move|p2a: Amoonguss|Protect|p2a: Amoonguss\n|-singleturn|p2a: Amoonguss|Protect\n|move|p1a: Politoed|Weather Ball|p2a: Amoonguss\n|-activate|p2a: Amoonguss|move: Protect\n|move|p2b: Metagross|Meteor Mash|p1a: Politoed\n|-resisted|p1a: Politoed\n|-damage|p1a: Politoed|75/100\n|\n|-weather|RainDance|[upkeep]\n|upkeep\n|turn|8\n|inactive|timoaaaaa has 30 seconds left.\n|\n|t:|1735744047\n|move|p1b: Archaludon|Dragon Pulse|p2a: Amoonguss\n|-damage|p2a: Amoonguss|35/100\n|move|p1a: Politoed|Weather Ball|p2a: Amoonguss\n|-supereffective|p2a: Amoonguss\n|-damage|p2a: Amoonguss|0 fnt\n|faint|p2a: Amoonguss\n|move|p2b: Metagross|Meteor Mash|p1a: Politoed\n|-resisted|p1a: Politoed\n|-damage|p1a: Politoed|47/100\n|\n|-weather|RainDance|[upkeep]\n|upkeep\n|\n|t:|1735744056\n|switch|p2a: Incineroar|Incineroar, L50, F|66/100\n|-ability|p2a: Incineroar|Intimidate|boost\n|-unboost|p1a: Politoed|atk|1\n|-unboost|p1b: Archaludon|atk|1\n|turn|9\n|\n|t:|1735744072\n|move|p1b: Archaludon|Protect|p1b: Archaludon\n|-singleturn|p1b: Archaludon|Protect\n|move|p2a: Incineroar|Fake Out|p1a: Politoed\n|-damage|p1a: Politoed|36/100\n|move|p1a: Politoed|Weather Ball|p2a: Incineroar\n|-supereffective|p2a: Incineroar\n|-damage|p2a: Incineroar|0 fnt\n|faint|p2a: Incineroar\n|move|p2b: Metagross|Meteor Mash|p1a: Politoed\n|-resisted|p1a: Politoed\n|-damage|p1a: Politoed|10/100\n|\n|-weather|none\n|upkeep\n|turn|10\n|inactive|TheStarLance has 30 seconds left.\n|inactive|TheStarLance has 20 seconds left.\n|inactive|TheStarLance has 15 seconds left.\n|inactive|TheStarLance has 10 seconds left.\n|\n|t:|1735744120\n|-terastallize|p1b: Archaludon|Electric\n|move|p2b: Metagross|Bullet Punch|p1a: Politoed\n|-resisted|p1a: Politoed\n|-damage|p1a: Politoed|0 fnt\n|faint|p1a: Politoed\n|move|p1b: Archaludon|Electro Shot||[still]\n|-prepare|p1b: Archaludon|Electro Shot\n|-boost|p1b: Archaludon|spa|1\n|-enditem|p1b: Archaludon|Power Herb\n|-anim|p1b: Archaludon|Electro Shot|p2b: Metagross\n|-damage|p2b: Metagross|2/100\n|\n|-heal|p2b: Metagross|8/100|[from] item: Leftovers\n|upkeep\n|\n|t:|1735744133\n|switch|p1a: Sneasler|Sneasler, L50, M|91/100\n|turn|11\n|\n|t:|1735744141\n|move|p1a: Sneasler|Fake Out|p2b: Metagross\n|-resisted|p2b: Metagross\n|-crit|p2b: Metagross\n|-damage|p2b: Metagross|0 fnt\n|faint|p2b: Metagross\n|-damage|p1a: Sneasler|81/100|[from] item: Life Orb\n|\n|win|TheStarLance\n|raw|TheStarLance's rating: 1492 &rarr; <strong>1506</strong><br />(+14 for winning)\n|raw|timoaaaaa's rating: 1380 &rarr; <strong>1366</strong><br />(-14 for losing)\n|c|\u2606TheStarLance|GG\n",
  "uploadtime": 1735744167,
  "views": 145,
  "formatid": "gen9vgc2024regh",
  "rating": 1366,
  "private": 0,
  "password": null
}