{
  "id": "gen9vgc2024regh-2273140286",
  "format": "[Gen 9] VGC 2024 Reg H",
  "players": [
    "jon duan jozo",
    "joergdienase"
  ],
  "log": "|j|\u2606jon duan jozo\n|j|\u2606joergdienase\n|t:|1735739031\n|gametype|doubles\n|player|p1|jon duan jozo|ethan|1307\n|player|p2|joergdienase|101|1321\n|teamsize|p1|6\n|teamsize|p2|6\n|gen|9\n|tier|[Gen 9] VGC 2024 Reg H\n|rated|\n|rule|Species Clause: Limit one of each Pok\u00e9mon\n|rule|Item Clause: Limit 1 of each item\n|clearpoke\n|poke|p1|Archaludon, L50, M|\n|poke|p1|Kingdra, L50, M|\n|poke|p1|Politoed, L50, M|\n|poke|p1|Incineroar, L50, F|\n|poke|p1|Gothitelle, L50, M|\n|poke|p1|Amoonguss, L50, M|\n|poke|p2|Smeargle, L50, M|\n|poke|p2|Bellossom, L50, M|\n|poke|p2|Armarouge, L50, F|\n|poke|p2|Forretress, L50, M|\n|poke|p2|Ursaluna, L50, M|\n|poke|p2|Magnezone, L50|\n|teampreview|4\n|inactive|Battle timer is ON: inactive players will automatically lose when time's up. (requested by jon duan jozo)\n|\n|t:|1735739049\n|start\n|switch|p1a: Gothitelle|Gothitelle, L50, M|100/100\n|switch|p1b: Kingdra|Kingdra, L50, M|100/100\n|switch|p2a: Smeargle|Smeargle, L50, M|100/100\n|switch|p2b: Forretress|Forretress, L50, M|100/100\n|turn|1\n|\n|t:|1735739066\n|move|p1a: Gothitelle|Fake Out|p2a: Smeargle\n|-damage|p2a: Smeargle|91/100\n|cant|p2a: Smeargle|flinch\n|move|p1b: Kingdra|Weather Ball|p2a: Smeargle\n|-damage|p2a: Smeargle|45/100\n|-damage|p1b: Kingdra|91/100|[from] item: Life Orb\n|move|p2b: Forretress|Stealth Rock|p1a: Gothitelle\n|-sidestart|p1: jon duan jozo|move: Stealth Rock\n|\n|-ability|p2a: Smeargle|Moody|boost\n|-boost|p2a: Smeargle|spd|2\n|-unboost|p2a: Smeargle|spa|1\n|upkeep\n|turn|2\n|inactive|joergdienase has 30 seconds left.\n|\n|t:|1735739096\n|switch|p1a: Politoed|Politoed, L50, M|100/100\n|-damage|p1a: Politoed|88/100|[from] Stealth Rock\n|-weather|RainDance|[from] ability: Drizzle|[of] p1a: Politoed\n|move|p1b: Kingdra|Weather Ball|p2a: Smeargle\n|-damage|p2a: Smeargle|0 fnt\n|faint|p2a: Smeargle\n|-damage|p1b: Kingdra|82/100|[from] item: Life Orb\n|move|p2b: Forretress|Iron Defense|p2b: Forretress\n|-boost|p2b: Forretress|def|2\n|\n|-weather|RainDance|[upkeep]\n|-heal|p1a: Politoed|94/100|[from] item: Leftovers\n|upkeep\n|\n|t:|1735739112\n|switch|p2a: Magnezone|Magnezone, L50|100/100\n|-item|p2a: Magnezone|Air Balloon\n|turn|3\n|\n|t:|1735739124\n|switch|p1b: Gothitelle|Gothitelle, L50, M|100/100\n|-damage|p1b: Gothitelle|88/100|[from] Stealth Rock\n|-terastallize|p1a: Politoed|Grass\n|-terastallize|p2b: Forretress|Water\n|move|p1a: Politoed|Perish Song|p1a: Politoed\n|-start|p1a: Politoed|perish3|[silent]\n|-start|p1b: Gothitelle|perish3|[silent]\n|-start|p2a: Magnezone|perish3|[silent]\n|-start|p2b: Forretress|perish3|[silent]\n|-fieldactivate|move: Perish Song\n|move|p2a: Magnezone|Thunderbolt|p1b: Gothitelle\n|-damage|p1b: Gothitelle|44/100\n|-enditem|p1b: Gothitelle|Sitrus Berry|[eat]\n|-heal|p1b: Gothitelle|69/100|[from] item: Sitrus Berry\n|move|p2b: Forretress|Body Press|p1a: Politoed\n|-damage|p1a: Politoed|34/100\n|\n|-weather|RainDance|[upkeep]\n|-heal|p1a: Politoed|40/100|[from] item: Leftovers\n|-start|p1a: Politoed|perish3\n|-start|p1b: Gothitelle|perish3\n|-start|p2a: Magnezone|perish3\n|-start|p2b: Forretress|perish3\n|upkeep\n|turn|4\n|inactive|jon duan jozo has 30 seconds left.\n|\n|t:|1735739155\n|move|p1a: Politoed|Protect|p1a: Politoed\n|-singleturn|p1a: Politoed|Protect\n|move|p1b: Gothitelle|Fake Out|p2a: Magnezone\n|-resisted|p2a: Magnezone\n|-damage|p2a: Magnezone|98/100\n|-enditem|p2a: Magnezone|Air Balloon\n|cant|p2a: Magnezone|flinch\n|move|p2b: Forretress|Body Press|p1b: Gothitelle\n|-resisted|p1b: Gothitelle\n|-damage|p1b: Gothitelle|43/100\n|\n|-weather|RainDance|[upkeep]\n|-heal|p1a: Politoed|46/100|[from] item: Leftovers\n|-start|p1a: Politoed|perish2\n|-start|p1b: Gothitelle|perish2\n|-start|p2a: Magnezone|perish2\n|-start|p2b: Forretress|perish2\n|upkeep\n|turn|5\n|inactive|joergdienase has 30 seconds left.\n|\n|t:|1735739181\n|switch|p1a: Kingdra|Kingdra, L50, M|82/100\n|-damage|p1a: Kingdra|70/100|[from] Stealth Rock\n|move|p1b: Gothitelle|Protect|p1b: Gothitelle\n|-singleturn|p1b: Gothitelle|Protect\n|move|p2a: Magnezone|Flash Cannon|p1a: Kingdra\n|-resisted|p1a: Kingdra\n|-damage|p1a: Kingdra|39/100\n|move|p2b: Forretress|Iron Defense|p2b: Forretress\n|-boost|p2b: Forretress|def|2\n|\n|-weather|RainDance|[upkeep]\n|-start|p1b: Gothitelle|perish1\n|-start|p2a: Magnezone|perish1\n|-start|p2b: Forretress|perish1\n|upkeep\n|turn|6\n|\n|t:|1735739196\n|move|p1a: Kingdra|Protect|p1a: Kingdra\n|-singleturn|p1a: Kingdra|Protect\n|move|p1b: Gothitelle|Psychic|p2a: Magnezone\n|-resisted|p2a: Magnezone\n|-damage|p2a: Magnezone|82/100\n|move|p2a: Magnezone|Thunderbolt|p1b: Gothitelle\n|-damage|p1b: Gothitelle|0 fnt\n|faint|p1b: Gothitelle\n|move|p2b: Forretress|Body Press|p1a: Kingdra\n|-activate|p1a: Kingdra|move: Protect\n|\n|-weather|none\n|-start|p2a: Magnezone|perish0\n|-start|p2b: Forretress|perish0\n|faint|p2a: Magnezone\n|faint|p2b: Forretress\n|upkeep\n|\n|t:|1735739208\n|switch|p1b: Politoed|Politoed, L50, M, tera:Grass|46/100\n|switch|p2b: Bellossom|Bellossom, L50, M|100/100\n|-damage|p1b: Politoed|34/100|[from] Stealth Rock\n|-weather|RainDance|[from] ability: Drizzle|[of] p1b: Politoed\n|turn|7\n|\n|t:|1735739220\n|move|p1a: Kingdra|Hurricane|p2b: Bellossom\n|-supereffective|p2b: Bellossom\n|-damage|p2b: Bellossom|20/100\n|-damage|p1a: Kingdra|30/100|[from] item: Life Orb\n|move|p1b: Politoed|Perish Song|p1b: Politoed\n|-start|p1a: Kingdra|perish3|[silent]\n|-start|p1b: Politoed|perish3|[silent]\n|-start|p2b: Bellossom|perish3|[silent]\n|-fieldactivate|move: Perish Song\n|move|p2b: Bellossom|Leech Seed|p1a: Kingdra\n|-start|p1a: Kingdra|move: Leech Seed\n|\n|-weather|RainDance|[upkeep]\n|-heal|p1b: Politoed|40/100|[from] item: Leftovers\n|-heal|p2b: Bellossom|26/100|[from] item: Leftovers\n|-damage|p1a: Kingdra|18/100|[from] Leech Seed|[of] p2b: Bellossom\n|-heal|p2b: Bellossom|38/100|[silent]\n|-start|p1a: Kingdra|perish3\n|-start|p1b: Politoed|perish3\n|-start|p2b: Bellossom|perish3\n|upkeep\n|turn|8\n|\n|t:|1735739236\n|switch|p1a: Incineroar|Incineroar, L50, F|100/100\n|-damage|p1a: Incineroar|76/100|[from] Stealth Rock\n|-ability|p1a: Incineroar|Intimidate|boost\n|-unboost|p2b: Bellossom|atk|1\n|move|p2b: Bellossom|Protect|p2b: Bellossom\n|-singleturn|p2b: Bellossom|Protect\n|move|p1b: Politoed|Encore|p2b: Bellossom\n|-activate|p2b: Bellossom|move: Protect\n|\n|-weather|RainDance|[upkeep]\n|-heal|p1b: Politoed|46/100|[from] item: Leftovers\n|-heal|p2b: Bellossom|44/100|[from] item: Leftovers\n|-start|p1b: Politoed|perish2\n|-start|p2b: Bellossom|perish2\n|upkeep\n|turn|9\n|\n|t:|1735739251\n|move|p1b: Politoed|Encore|p2b: Bellossom\n|-start|p2b: Bellossom|Encore\n|move|p1a: Incineroar|Parting Shot|p1b: Politoed\n|-unboost|p1b: Politoed|atk|1\n|-unboost|p1b: Politoed|spa|1\n|\n|t:|1735739256\n|switch|p1a: Kingdra|Kingdra, L50, M|18/100|[from] Parting Shot\n|-damage|p1a: Kingdra|6/100|[from] Stealth Rock\n|move|p2b: Bellossom|Protect||[still]\n|-fail|p2b: Bellossom\n|\n|-weather|RainDance|[upkeep]\n|-heal|p1b: Politoed|52/100|[from] item: Leftovers\n|-heal|p2b: Bellossom|50/100|[from] item: Leftovers\n|-start|p1b: Politoed|perish1\n|-start|p2b: Bellossom|perish1\n|upkeep\n|turn|10\n|\n|t:|1735739265\n|move|p2b: Bellossom|Protect|p2b: Bellossom\n|-singleturn|p2b: Bellossom|Protect\n|move|p1a: Kingdra|Draco Meteor|p1b: Politoed\n|-damage|p1b: Politoed|0 fnt\n|-unboost|p1a: Kingdra|spa|2\n|faint|p1b: Politoed\n|-damage|p1a: Kingdra|0 fnt|[from] item: Life Orb\n|faint|p1a: Kingdra\n|\n|-weather|RainDance|[upkeep]\n|-heal|p2b: Bellossom|55/100|[from] item: Leftovers\n|-start|p2b: Bellossom|perish0\n|faint|p2b: Bellossom\n|\n|win|jon duan jozo\n|upkeep\n|raw|jon duan jozo's rating: 1307 &rarr; <strong>1328</strong><br />(+21 for winning)\n|raw|joergdienase's rating: 1321 &rarr; <strong>1300</strong><br />(-21 for losing)\n|l|\u2606joergdienase\n|player|p2|\n|l|\u2606jon duan jozo\n|player|p1|\n",
  "uploadtime": 1735739612,
  "views": 13,
  "formatid": "gen9vgc2024regh",
  "rating": 1300,
  "private": 0,
  "password": null
}