{
  "id": "gen9vgc2024regh-2273190518",
  "format": "[Gen 9] VGC 2024 Reg H",
  "players": [
    "melhadow",
    "MK ASTRO"
  ],
  "log": "|j|\u2606melhadow\n|j|\u2606MK ASTRO\n|t:|1735747607\n|gametype|doubles\n|player|p1|melhadow|dragontamer|1197\n|player|p2|MK ASTRO|colress|1166\n|teamsize|p1|6\n|teamsize|p2|6\n|gen|9\n|tier|[Gen 9] VGC 2024 Reg H\n|rated|\n|rule|Species Clause: Limit one of each Pok\u00e9mon\n|rule|Item Clause: Limit 1 of each item\n|clearpoke\n|poke|p1|Corviknight, L50, M|\n|poke|p1|Electrode-Hisui, L50|\n|poke|p1|Ceruledge, L50, F|\n|poke|p1|Ursaluna, L50, M|\n|poke|p1|Whimsicott, L50, M|\n|poke|p1|Sylveon, L50, F|\n|poke|p2|Beartic, L50, M|\n|poke|p2|Pelipper, L50, M|\n|poke|p2|Archaludon, L50, M|\n|poke|p2|Incineroar, L50, M|\n|poke|p2|Electabuzz, L50, M|\n|poke|p2|Sneasler, L50, M|\n|teampreview|4\n|inactive|Battle timer is ON: inactive players will automatically lose when time's up. (requested by MK ASTRO)\n|\n|t:|1735747653\n|start\n|switch|p1a: Electrode|Electrode-Hisui, L50|100/100\n|switch|p1b: Whimsicott|Whimsicott, L50, M|100/100\n|switch|p2a: Beartic|Beartic, L50, M, shiny|100/100\n|switch|p2b: Pelipper|Pelipper, L50, M, shiny|100/100\n|-weather|RainDance|[from] ability: Drizzle|[of] p2b: Pelipper\n|turn|1\n|\n|t:|1735747669\n|-terastallize|p1b: Whimsicott|Water\n|move|p1b: Whimsicott|Tailwind|p1b: Whimsicott\n|-sidestart|p1: melhadow|move: Tailwind\n|move|p1a: Electrode|Volt Switch|p2b: Pelipper\n|-supereffective|p2b: Pelipper\n|-damage|p2b: Pelipper|0 fnt\n|faint|p2b: Pelipper\n|\n|t:|1735747678\n|switch|p1a: Sylveon|Sylveon, L50, F|100/100|[from] Volt Switch\n|move|p2a: Beartic|Icicle Crash|p1b: Whimsicott\n|-resisted|p1b: Whimsicott\n|-damage|p1b: Whimsicott|82/100\n|\n|-weather|RainDance|[upkeep]\n|upkeep\n|\n|t:|1735747683\n|switch|p2b: Archaludon|Archaludon, L50, M, shiny|100/100\n|turn|2\n|\n|t:|1735747703\n|move|p1b: Whimsicott|Encore|p2a: Beartic\n|-start|p2a: Beartic|Encore\n|move|p1a: Sylveon|Hyper Voice|p2a: Beartic|[spread] p2a,p2b\n|-damage|p2a: Beartic|70/100\n|-damage|p2b: Archaludon|55/100\n|-ability|p2b: Archaludon|Stamina|boost\n|-boost|p2b: Archaludon|def|1\n|move|p2a: Beartic|Icicle Crash|p1a: Sylveon\n|-damage|p1a: Sylveon|33/100\n|move|p2b: Archaludon|Electro Shot||[still]\n|-prepare|p2b: Archaludon|Electro Shot\n|-boost|p2b: Archaludon|spa|1\n|-anim|p2b: Archaludon|Electro Shot|p1b: Whimsicott\n|-supereffective|p1b: Whimsicott\n|-crit|p1b: Whimsicott\n|-damage|p1b: Whimsicott|0 fnt\n|faint|p1b: Whimsicott\n|\n|-weather|RainDance|[upkeep]\n|upkeep\n|\n|t:|1735747721\n|switch|p1b: Ursaluna|Ursaluna, L50, M|100/100\n|turn|3\n|\n|t:|1735747739\n|move|p1b: Ursaluna|Protect|p1b: Ursaluna\n|-singleturn|p1b: Ursaluna|Protect\n|move|p2b: Archaludon|Protect|p2b: Archaludon\n|-singleturn|p2b: Archaludon|Protect\n|move|p1a: Sylveon|Hyper Voice|p2b: Archaludon|[spread] p2a\n|-activate|p2b: Archaludon|move: Protect\n|-damage|p2a: Beartic|39/100\n|move|p2a: Beartic|Icicle Crash|p1a: Sylveon\n|-damage|p1a: Sylveon|0 fnt\n|faint|p1a: Sylveon\n|\n|-weather|RainDance|[upkeep]\n|-status|p1b: Ursaluna|brn|[from] item: Flame Orb\n|upkeep\n|\n|t:|1735747750\n|switch|p1a: Electrode|Electrode-Hisui, L50|100/100\n|turn|4\n|inactive|melhadow has 30 seconds left.\n|inactive|MK ASTRO has 30 seconds left.\n|\n|t:|1735747782\n|move|p1a: Electrode|Discharge|p2b: Archaludon|[spread] p2a,p2b\n|-immune|p1b: Ursaluna\n|-resisted|p2b: Archaludon\n|-damage|p2a: Beartic|22/100\n|-damage|p2b: Archaludon|40/100\n|-status|p2a: Beartic|par\n|-ability|p2b: Archaludon|Stamina|boost\n|-boost|p2b: Archaludon|def|1\n|move|p1b: Ursaluna|Facade|p2a: Beartic\n|-damage|p2a: Beartic|0 fnt\n|faint|p2a: Beartic\n|move|p2b: Archaludon|Body Press|p1b: Ursaluna\n|-supereffective|p1b: Ursaluna\n|-damage|p1b: Ursaluna|14/100 brn\n|\n|-weather|RainDance|[upkeep]\n|-damage|p1b: Ursaluna|8/100 brn|[from] brn\n|-sideend|p1: melhadow|move: Tailwind\n|upkeep\n|\n|t:|1735747795\n|switch|p2a: Sneasler|Sneasler, L50, M, shiny|100/100\n|turn|5\n|\n|t:|1735747807\n|move|p2a: Sneasler|Fake Out|p1a: Electrode\n|-damage|p1a: Electrode|75/100\n|cant|p1a: Electrode|flinch\n|move|p1b: Ursaluna|Earthquake|p2a: Sneasler|[spread] p1a,p2a,p2b\n|-supereffective|p2a: Sneasler\n|-supereffective|p2b: Archaludon\n|-damage|p1a: Electrode|0 fnt\n|-enditem|p2a: Sneasler|Focus Sash\n|-damage|p2a: Sneasler|1/100\n|-damage|p2b: Archaludon|0 fnt\n|faint|p1a: Electrode\n|faint|p2b: Archaludon\n|\n|-weather|RainDance|[upkeep]\n|-damage|p1b: Ursaluna|2/100 brn|[from] brn\n|upkeep\n|turn|6\n|\n|t:|1735747826\n|move|p2a: Sneasler|Protect|p2a: Sneasler\n|-singleturn|p2a: Sneasler|Protect\n|move|p1b: Ursaluna|Facade|p2a: Sneasler\n|-activate|p2a: Sneasler|move: Protect\n|\n|-weather|RainDance|[upkeep]\n|-damage|p1b: Ursaluna|0 fnt|[from] brn\n|faint|p1b: Ursaluna\n|\n|win|MK ASTRO\n|upkeep\n|raw|melhadow's rating: 1197 &rarr; <strong>1170</strong><br />(-27 for losing)\n|raw|MK ASTRO's rating: 1166 &rarr; <strong>1193</strong><br />(+27 for winning)\n|l|\u2606melhadow\n|player|p1|\n|l|\u2606MK ASTRO\n|player|p2|\n",
  "uploadtime": 1735748196,
  "views": 122,
  "formatid": "gen9vgc2024regh",
  "rating": 1170,
  "private": 0,
  "password": null
}