{
  "id": "gen9vgc2024regh-2273118326",
  "format": "[Gen 9] VGC 2024 Reg H",
  "players": [
    "Wildgoobys",
    "2012zar"
  ],
  "log": "|j|\u2606Wildgoobys\n|j|\u26062012zar\n|t:|1735734361\n|gametype|doubles\n|player|p1|Wildgoobys|ethan|1517\n|player|p2|2012zar|266|1420\n|teamsize|p1|6\n|teamsize|p2|6\n|gen|9\n|tier|[Gen 9] VGC 2024 Reg H\n|rated|\n|rule|Species Clause: Limit one of each Pok\u00e9mon\n|rule|Item Clause: Limit 1 of each item\n|clearpoke\n|poke|p1|Weezing-Galar, L50, F|\n|poke|p1|Palafin, L50, F|\n|poke|p1|Amoonguss, L50, M|\n|poke|p1|Slaking, L50, M|\n|poke|p1|Pelipper, L50, M|\n|poke|p1|Volcarona, L50, M|\n|poke|p2|Ursaluna-Bloodmoon, L50, M|\n|poke|p2|Sneasler, L50, M|\n|poke|p2|Electabuzz, L50, F|\n|poke|p2|Talonflame, L50, F|\n|poke|p2|Incineroar, L50, M|\n|poke|p2|Indeedee, L50, M|\n|teampreview|4\n|inactive|Battle timer is ON: inactive players will automatically lose when time's up. (requested by Wildgoobys)\n|\n|t:|1735734375\n|start\n|switch|p1a: Slaking|Slaking, L50, M|100/100\n|switch|p1b: Palafin|Palafin, L50, F|100/100\n|switch|p2a: Incineroar|Incineroar, L50, M|100/100\n|switch|p2b: Ursaluna|Ursaluna-Bloodmoon, L50, M|100/100\n|-ability|p2a: Incineroar|Intimidate|boost\n|-unboost|p1a: Slaking|atk|1\n|-unboost|p1b: Palafin|atk|1\n|turn|1\n|\n|t:|1735734395\n|switch|p2a: Indeedee|Indeedee, L50, M|100/100\n|-fieldstart|move: Psychic Terrain|[from] ability: Psychic Surge|[of] p2a: Indeedee\n|move|p2b: Ursaluna|Protect|p2b: Ursaluna\n|-singleturn|p2b: Ursaluna|Protect\n|move|p1a: Slaking|Rock Slide|p2a: Indeedee|[spread] p2a\n|-activate|p2b: Ursaluna|move: Protect\n|-damage|p2a: Indeedee|67/100\n|move|p1b: Palafin|Flip Turn|p2b: Ursaluna\n|-activate|p2b: Ursaluna|move: Protect\n|\n|upkeep\n|turn|2\n|\n|t:|1735734419\n|switch|p1a: Pelipper|Pelipper, L50, M|100/100\n|-weather|RainDance|[from] ability: Drizzle|[of] p1a: Pelipper\n|-terastallize|p1b: Palafin|Water\n|-terastallize|p2b: Ursaluna|Normal\n|move|p1b: Palafin|Flip Turn|p2a: Indeedee\n|-damage|p2a: Indeedee|0 fnt\n|faint|p2a: Indeedee\n|\n|t:|1735734431\n|detailschange|p1b: Palafin|Palafin-Hero, L50, F, tera:Water\n|switch|p1b: Slaking|Slaking, L50, M|100/100|[from] Flip Turn\n|move|p2b: Ursaluna|Hyper Voice|p1a: Pelipper|[spread] p1a,p1b\n|-damage|p1a: Pelipper|5/100\n|-damage|p1b: Slaking|52/100\n|-damage|p2b: Ursaluna|91/100|[from] item: Life Orb\n|\n|-weather|RainDance|[upkeep]\n|upkeep\n|\n|t:|1735734442\n|switch|p2a: Incineroar|Incineroar, L50, M|100/100\n|-ability|p2a: Incineroar|Intimidate|boost\n|-unboost|p1a: Pelipper|atk|1\n|-unboost|p1b: Slaking|atk|1\n|turn|3\n|\n|t:|1735734454\n|move|p1b: Slaking|Body Slam|p2b: Ursaluna\n|-damage|p2b: Ursaluna|62/100\n|-status|p2b: Ursaluna|par\n|move|p1a: Pelipper|Muddy Water|p2b: Ursaluna|[spread] p2a,p2b\n|-supereffective|p2a: Incineroar\n|-damage|p2a: Incineroar|22/100\n|-damage|p2b: Ursaluna|0 fnt\n|faint|p2b: Ursaluna\n|move|p2a: Incineroar|Parting Shot|p1b: Slaking\n|-unboost|p1b: Slaking|atk|1\n|-unboost|p1b: Slaking|spa|1\n|\n|t:|1735734461\n|switch|p2a: Sneasler|Sneasler, L50, M|100/100|[from] Parting Shot\n|-enditem|p2a: Sneasler|Psychic Seed\n|-boost|p2a: Sneasler|spd|1|[from] item: Psychic Seed\n|\n|-weather|RainDance|[upkeep]\n|upkeep\n|\n|t:|1735734468\n|switch|p2b: Incineroar|Incineroar, L50, M|22/100\n|-ability|p2b: Incineroar|Intimidate|boost\n|-unboost|p1a: Pelipper|atk|1\n|-unboost|p1b: Slaking|atk|1\n|turn|4\n|\n|t:|1735734478\n|switch|p1a: Weezing|Weezing-Galar, L50, F|100/100\n|-ability|p1a: Weezing|Neutralizing Gas\n|move|p2a: Sneasler|Dire Claw|p1a: Weezing\n|-crit|p1a: Weezing\n|-damage|p1a: Weezing|49/100\n|-status|p1a: Weezing|slp\n|-damage|p2a: Sneasler|84/100|[from] item: Rocky Helmet|[of] p1a: Weezing\n|move|p1b: Slaking|Body Slam|p2a: Sneasler\n|-damage|p2a: Sneasler|49/100\n|move|p2b: Incineroar|Knock Off|p1b: Slaking\n|-damage|p1b: Slaking|20/100\n|-enditem|p1b: Slaking|Assault Vest|[from] move: Knock Off|[of] p2b: Incineroar\n|\n|-weather|RainDance|[upkeep]\n|upkeep\n|turn|5\n|\n|t:|1735734502\n|move|p2a: Sneasler|Dire Claw|p1b: Slaking\n|-damage|p1b: Slaking|0 fnt\n|faint|p1b: Slaking\n|move|p2b: Incineroar|Knock Off|p1a: Weezing\n|-resisted|p1a: Weezing\n|-damage|p1a: Weezing|29/100 slp\n|-damage|p2b: Incineroar|6/100|[from] item: Rocky Helmet|[of] p1a: Weezing\n|-enditem|p1a: Weezing|Rocky Helmet|[from] move: Knock Off|[of] p2b: Incineroar\n|cant|p1a: Weezing|slp\n|\n|-weather|RainDance|[upkeep]\n|-fieldend|move: Psychic Terrain\n|upkeep\n|\n|t:|1735734508\n|switch|p1b: Palafin|Palafin-Hero, L50, F, tera:Water|100/100\n|-activate|p1b: Palafin|ability: Zero to Hero\n|turn|6\n|\n|t:|1735734521\n|move|p2a: Sneasler|Protect|p2a: Sneasler\n|-singleturn|p2a: Sneasler|Protect\n|move|p1b: Palafin|Jet Punch|p2a: Sneasler\n|-activate|p2a: Sneasler|move: Protect\n|move|p2b: Incineroar|Parting Shot|p1b: Palafin\n|-unboost|p1b: Palafin|atk|1\n|-unboost|p1b: Palafin|spa|1\n|cant|p1a: Weezing|slp\n|\n|-weather|none\n|upkeep\n|turn|7\n|\n|t:|1735734535\n|move|p1b: Palafin|Jet Punch|p2a: Sneasler\n|-damage|p2a: Sneasler|0 fnt\n|faint|p2a: Sneasler\n|move|p2b: Incineroar|Knock Off|p1a: Weezing\n|-resisted|p1a: Weezing\n|-damage|p1a: Weezing|16/100 slp\n|cant|p1a: Weezing|slp\n|\n|upkeep\n|turn|8\n|-message|2012zar forfeited.\n|\n|win|Wildgoobys\n|raw|Wildgoobys's rating: 1517 &rarr; <strong>1532</strong><br />(+15 for winning)\n|raw|2012zar's rating: 1420 &rarr; <strong>1405</strong><br />(-15 for losing)\n|l|\u26062012zar\n|player|p2|\n|l|\u2606Wildgoobys\n|player|p1|\n",
  "uploadtime": 1735734894,
  "views": 16,
  "formatid": "gen9vgc2024regh",
  "rating": 1405,
  "private": 0,
  "password": null
}