{
  "id": "gen9vgc2024regh-2273190497",
  "format": "[Gen 9] VGC 2024 Reg H",
  "players": [
    "ken084",
    "yatokirito"
  ],
  "log": "|j|\u2606ken084\n|j|\u2606yatokirito\n|t:|1735747604\n|gametype|doubles\n|player|p1|ken084|n|1163\n|player|p2|yatokirito|101|1165\n|teamsize|p1|6\n|teamsize|p2|6\n|gen|9\n|tier|[Gen 9] VGC 2024 Reg H\n|rated|\n|rule|Species Clause: Limit one of each Pok\u00e9mon\n|rule|Item Clause: Limit 1 of each item\n|clearpoke\n|poke|p1|Primarina, L50, F|\n|poke|p1|Annihilape, L50, M|\n|poke|p1|Gholdengo, L50|\n|poke|p1|Garchomp, L50, F|\n|poke|p1|Talonflame, L50, F|\n|poke|p1|Rillaboom, L50, F|\n|poke|p2|Gardevoir, L50, M|\n|poke|p2|Noivern, L50, M|\n|poke|p2|Garchomp, L50, F|\n|poke|p2|Kilowattrel, L50, F|\n|poke|p2|Magnezone, L50|\n|poke|p2|Slaking, L50, M|\n|teampreview|4\n|inactive|Battle timer is ON: inactive players will automatically lose when time's up. (requested by yatokirito)\n|inactive|ken084 has 60 seconds left.\n|\n|t:|1735747694\n|start\n|switch|p1a: Gholdengo|Gholdengo, L50, shiny|100/100\n|switch|p1b: Rillaboom|Rillaboom, L50, F, shiny|100/100\n|switch|p2a: Noivern|Noivern, L50, M|100/100\n|switch|p2b: Kilowattrel|Kilowattrel, L50, F|100/100\n|-fieldstart|move: Grassy Terrain|[from] ability: Grassy Surge|[of] p1b: Rillaboom\n|turn|1\n|inactive|yatokirito has 30 seconds left.\n|\n|t:|1735747725\n|move|p1b: Rillaboom|Fake Out|p2a: Noivern\n|-damage|p2a: Noivern|82/100\n|move|p2b: Kilowattrel|Air Slash|p1b: Rillaboom\n|-supereffective|p1b: Rillaboom\n|-damage|p1b: Rillaboom|53/100\n|move|p2a: Noivern|Tailwind|p2a: Noivern\n|-sidestart|p2: yatokirito|move: Tailwind\n|move|p1a: Gholdengo|Nasty Plot|p1a: Gholdengo\n|-boost|p1a: Gholdengo|spa|2\n|\n|-heal|p1b: Rillaboom|59/100|[from] Grassy Terrain\n|upkeep\n|turn|2\n|inactive|ken084 has 30 seconds left.\n|inactive|yatokirito has 30 seconds left.\n|inactive|ken084 has 20 seconds left.\n|inactive|ken084 has 15 seconds left.\n|\n|t:|1735747767\n|-terastallize|p2b: Kilowattrel|Flying\n|-terastallize|p1b: Rillaboom|Fire\n|move|p1b: Rillaboom|Grassy Glide|p2b: Kilowattrel\n|-resisted|p2b: Kilowattrel\n|-damage|p2b: Kilowattrel|68/100\n|move|p2b: Kilowattrel|Air Slash|p1b: Rillaboom\n|-damage|p1b: Rillaboom|23/100\n|move|p1a: Gholdengo|Shadow Ball|p2b: Kilowattrel\n|-damage|p2b: Kilowattrel|0 fnt\n|faint|p2b: Kilowattrel\n|move|p2a: Noivern|Whirlwind|p1a: Gholdengo\n|-immune|p1a: Gholdengo|[from] ability: Good as Gold\n|\n|-heal|p1b: Rillaboom|29/100|[from] Grassy Terrain\n|upkeep\n|\n|t:|1735747788\n|switch|p2b: Magnezone|Magnezone, L50|100/100\n|turn|3\n|inactive|ken084 has 30 seconds left.\n|\n|t:|1735747815\n|move|p2a: Noivern|Dragon Pulse|p1b: Rillaboom\n|-damage|p1b: Rillaboom|1/100\n|move|p1a: Gholdengo|Shadow Ball|p2b: Magnezone\n|-damage|p2b: Magnezone|0 fnt\n|faint|p2b: Magnezone\n|move|p1b: Rillaboom|High Horsepower|p2a: Noivern\n|-immune|p2a: Noivern\n|\n|-heal|p1b: Rillaboom|7/100|[from] Grassy Terrain\n|upkeep\n|\n|t:|1735747828\n|switch|p2b: Gardevoir|Gardevoir, L50, M|100/100\n|turn|4\n|\n|t:|1735747843\n|move|p2b: Gardevoir|Protect|p2b: Gardevoir\n|-singleturn|p2b: Gardevoir|Protect\n|move|p1b: Rillaboom|Grassy Glide|p2b: Gardevoir\n|-activate|p2b: Gardevoir|move: Protect\n|move|p2a: Noivern|Air Slash|p1b: Rillaboom\n|-crit|p1b: Rillaboom\n|-damage|p1b: Rillaboom|0 fnt\n|faint|p1b: Rillaboom\n|move|p1a: Gholdengo|Make It Rain|p2b: Gardevoir|[spread] p2a\n|-activate|p2b: Gardevoir|move: Protect\n|-damage|p2a: Noivern|0 fnt\n|-unboost|p1a: Gholdengo|spa|1\n|faint|p2a: Noivern\n|\n|-sideend|p2: yatokirito|move: Tailwind\n|upkeep\n|inactive|ken084 has 30 seconds left.\n|\n|t:|1735747868\n|switch|p1b: Talonflame|Talonflame, L50, F, shiny|100/100\n|turn|5\n|-message|yatokirito forfeited.\n|\n|win|ken084\n|raw|ken084's rating: 1163 &rarr; <strong>1188</strong><br />(+25 for winning)\n|raw|yatokirito's rating: 1165 &rarr; <strong>1140</strong><br />(-25 for losing)\n|l|\u2606yatokirito\n|player|p2|\n",
  "uploadtime": 1735748196,
  "views": 134,
  "formatid": "gen9vgc2024regh",
  "rating": 1140,
  "private": 0,
  "password": null
}