{
  "id": "gen9vgc2024regh-2273137585",
  "format": "[Gen 9] VGC 2024 Reg H",
  "players": [
    "namuletta",
    "nbx38"
  ],
  "log": "|j|\u2606namuletta\n|j|\u2606nbx38\n|t:|1735738498\n|gametype|doubles\n|player|p1|namuletta|gardenia|1085\n|player|p2|nbx38|red|1051\n|teamsize|p1|6\n|teamsize|p2|6\n|gen|9\n|tier|[Gen 9] VGC 2024 Reg H\n|rated|\n|rule|Species Clause: Limit one of each Pok\u00e9mon\n|rule|Item Clause: Limit 1 of each item\n|clearpoke\n|poke|p1|Whimsicott, L50, F|\n|poke|p1|Torterra, L50, F|\n|poke|p1|Lurantis, L50, F|\n|poke|p1|Trevenant, L50, F|\n|poke|p1|Shiftry, L50, M|\n|poke|p1|Scovillain, L50, F|\n|poke|p2|Kommo-o, L50, M|\n|poke|p2|Incineroar, L50, F|\n|poke|p2|Annihilape, L50, M|\n|poke|p2|Sinistcha, L50|\n|poke|p2|Maushold, L50|\n|poke|p2|Torterra, L50, F|\n|teampreview|4\n|\n|t:|1735738546\n|start\n|switch|p1a: Whimsicott|Whimsicott, L50, F, shiny|100/100\n|switch|p1b: Lurantis|Lurantis, L50, F|100/100\n|switch|p2a: Annihilape|Annihilape, L50, M|100/100\n|switch|p2b: Maushold|Maushold, L50|100/100\n|turn|1\n|\n|t:|1735738570\n|move|p2b: Maushold|Population Bomb|p1b: Lurantis\n|-damage|p1b: Lurantis|87/100\n|-damage|p1b: Lurantis|74/100\n|-damage|p1b: Lurantis|62/100\n|-damage|p1b: Lurantis|49/100\n|-damage|p1b: Lurantis|37/100\n|-damage|p1b: Lurantis|25/100\n|-damage|p1b: Lurantis|13/100\n|-damage|p1b: Lurantis|0 fnt\n|faint|p1b: Lurantis\n|-hitcount|p1: Lurantis|8\n|move|p1a: Whimsicott|Shadow Ball|p2a: Annihilape\n|-supereffective|p2a: Annihilape\n|-damage|p2a: Annihilape|80/100\n|move|p2a: Annihilape|Poison Jab|p1a: Whimsicott\n|-supereffective|p1a: Whimsicott\n|-damage|p1a: Whimsicott|0 fnt\n|faint|p1a: Whimsicott\n|\n|upkeep\n|\n|t:|1735738593\n|switch|p1a: Scovillain|Scovillain, L50, F|100/100\n|switch|p1b: Trevenant|Trevenant, L50, F|100/100\n|turn|2\n|\n|t:|1735738605\n|-terastallize|p1a: Scovillain|Fire\n|move|p1b: Trevenant|Ally Switch|p1b: Trevenant\n|swap|p1b: Trevenant|0|[from] move: Ally Switch\n|move|p2b: Maushold|Population Bomb|p1a: Trevenant\n|-immune|p1a: Trevenant\n|move|p2a: Annihilape|Rage Fist|p1b: Scovillain\n|-damage|p1b: Scovillain|34/100\n|move|p1b: Scovillain|Burning Jealousy|p2a: Annihilape|[spread] p2a,p2b\n|-damage|p2a: Annihilape|59/100\n|-damage|p2b: Maushold|60/100\n|\n|-ability|p1b: Scovillain|Moody|boost\n|-boost|p1b: Scovillain|def|2\n|-unboost|p1b: Scovillain|spa|1\n|upkeep\n|turn|3\n|\n|t:|1735738623\n|move|p1b: Scovillain|Protect|p1b: Scovillain\n|-singleturn|p1b: Scovillain|Protect\n|move|p2b: Maushold|Population Bomb|p1b: Scovillain\n|-activate|p1b: Scovillain|move: Protect\n|move|p2a: Annihilape|Rage Fist|p1b: Scovillain\n|-activate|p1b: Scovillain|move: Protect\n|move|p1a: Trevenant|Poltergeist|p2a: Annihilape\n|-activate|p2a: Annihilape|move: Poltergeist|Assault Vest\n|-supereffective|p2a: Annihilape\n|-damage|p2a: Annihilape|0 fnt\n|faint|p2a: Annihilape\n|\n|-ability|p1b: Scovillain|Moody|boost\n|-boost|p1b: Scovillain|spe|2\n|-unboost|p1b: Scovillain|atk|1\n|upkeep\n|\n|t:|1735738629\n|switch|p2a: Kommo-o|Kommo-o, L50, M|100/100\n|turn|4\n|\n|t:|1735738647\n|-terastallize|p2a: Kommo-o|Fire\n|move|p1a: Trevenant|Ally Switch|p1a: Trevenant\n|swap|p1a: Trevenant|1|[from] move: Ally Switch\n|move|p2b: Maushold|Population Bomb|p1b: Trevenant\n|-immune|p1b: Trevenant\n|move|p1a: Scovillain|Leech Seed|p2a: Kommo-o\n|-start|p2a: Kommo-o|move: Leech Seed\n|move|p2a: Kommo-o|Clangorous Soul|p2a: Kommo-o\n|-boost|p2a: Kommo-o|atk|1\n|-boost|p2a: Kommo-o|def|1\n|-boost|p2a: Kommo-o|spa|1\n|-boost|p2a: Kommo-o|spd|1\n|-boost|p2a: Kommo-o|spe|1\n|-damage|p2a: Kommo-o|68/100\n|-enditem|p2a: Kommo-o|Throat Spray\n|-boost|p2a: Kommo-o|spa|1|[from] item: Throat Spray\n|\n|-damage|p2a: Kommo-o|56/100|[from] Leech Seed|[of] p1a: Scovillain\n|-heal|p1a: Scovillain|44/100|[silent]\n|-ability|p1a: Scovillain|Moody|boost\n|-boost|p1a: Scovillain|atk|2\n|-unboost|p1a: Scovillain|spd|1\n|upkeep\n|turn|5\n|\n|t:|1735738680\n|switch|p2b: Sinistcha|Sinistcha, L50|100/100\n|-heal|p2a: Kommo-o|80/100|[from] ability: Hospitality|[of] p2b: Sinistcha\n|move|p1a: Scovillain|Burning Jealousy|p2a: Kommo-o|[spread] p2a,p2b\n|-resisted|p2a: Kommo-o\n|-supereffective|p2b: Sinistcha\n|-damage|p2a: Kommo-o|72/100\n|-damage|p2b: Sinistcha|51/100\n|move|p2a: Kommo-o|Clanging Scales|p1b: Trevenant|[spread] p1a,p1b\n|-damage|p1a: Scovillain|0 fnt\n|-damage|p1b: Trevenant|28/100\n|faint|p1a: Scovillain\n|-unboost|p2a: Kommo-o|def|1\n|move|p1b: Trevenant|Poltergeist||[still]\n|-fail|p1b: Trevenant\n|\n|upkeep\n|turn|6\n|-message|namuletta forfeited.\n|\n|win|nbx38\n|raw|namuletta's rating: 1085 &rarr; <strong>1060</strong><br />(-25 for losing)\n|raw|nbx38's rating: 1051 &rarr; <strong>1087</strong><br />(+36 for winning)\n|l|\u2606namuletta\n|player|p1|\n|l|\u2606nbx38\n|player|p2|\n",
  "uploadtime": 1735739059,
  "views": 20,
  "formatid": "gen9vgc2024regh",
  "rating": 1060,
  "private": 0,
  "password": null
}