{
  "id": "gen9vgc2024regh-2273130456",
  "format": "[Gen 9] VGC 2024 Reg H",
  "players": [
    "sohaib1478",
    "Erfiero"
  ],
  "log": "|j|\u2606sohaib1478\n|j|\u2606Erfiero\n|t:|1735737025\n|gametype|doubles\n|player|p1|sohaib1478|dragontamer|1413\n|player|p2|Erfiero|clay|1561\n|teamsize|p1|6\n|teamsize|p2|6\n|gen|9\n|tier|[Gen 9] VGC 2024 Reg H\n|rated|\n|rule|Species Clause: Limit one of each Pok\u00e9mon\n|rule|Item Clause: Limit 1 of each item\n|clearpoke\n|poke|p1|Farigiraf, L50, F|\n|poke|p1|Incineroar, L50, M|\n|poke|p1|Vikavolt, L50, F|\n|poke|p1|Grimmsnarl, L50, M|\n|poke|p1|Archaludon, L50, F|\n|poke|p1|Ursaluna, L50, M|\n|poke|p2|Tyranitar, L50, M|\n|poke|p2|Excadrill, L50, F|\n|poke|p2|Kommo-o, L50, F|\n|poke|p2|Rillaboom, L50, F|\n|poke|p2|Clefable, L50, F|\n|poke|p2|Gholdengo, L50|\n|teampreview|4\n|inactive|Battle timer is ON: inactive players will automatically lose when time's up. (requested by sohaib1478)\n|\n|t:|1735737049\n|start\n|switch|p1a: Farigiraf|Farigiraf, L50, F|100/100\n|switch|p1b: Grimmsnarl|Grimmsnarl, L50, M|100/100\n|switch|p2a: Gholdengo|Gholdengo, L50|100/100\n|switch|p2b: Clefable|Clefable, L50, F|100/100\n|turn|1\n|\n|t:|1735737059\n|move|p1b: Grimmsnarl|Light Screen|p1b: Grimmsnarl\n|-sidestart|p1: sohaib1478|move: Light Screen\n|move|p2a: Gholdengo|Nasty Plot|p2a: Gholdengo\n|-boost|p2a: Gholdengo|spa|2\n|move|p2b: Clefable|Moonblast|p1a: Farigiraf\n|-damage|p1a: Farigiraf|78/100\n|move|p1a: Farigiraf|Trick Room|p1a: Farigiraf\n|-fieldstart|move: Trick Room|[of] p1a: Farigiraf\n|\n|upkeep\n|turn|2\n|\n|t:|1735737088\n|-terastallize|p1b: Grimmsnarl|Steel\n|move|p2b: Clefable|Helping Hand|p2a: Gholdengo\n|-immune|p2a: Gholdengo|[from] ability: Good as Gold\n|move|p1b: Grimmsnarl|Foul Play|p2a: Gholdengo\n|-supereffective|p2a: Gholdengo\n|-damage|p2a: Gholdengo|71/100\n|move|p1a: Farigiraf|Psychic|p2b: Clefable\n|-damage|p2b: Clefable|61/100\n|move|p2a: Gholdengo|Make It Rain|p1a: Farigiraf|[spread] p1a,p1b\n|-resisted|p1b: Grimmsnarl\n|-damage|p1a: Farigiraf|1/100\n|-damage|p1b: Grimmsnarl|56/100\n|-unboost|p2a: Gholdengo|spa|1\n|-enditem|p1a: Farigiraf|Sitrus Berry|[eat]\n|-heal|p1a: Farigiraf|26/100|[from] item: Sitrus Berry\n|-damage|p2a: Gholdengo|61/100|[from] item: Life Orb\n|\n|upkeep\n|turn|3\n|\n|t:|1735737111\n|move|p2b: Clefable|Follow Me|p2b: Clefable\n|-singleturn|p2b: Clefable|move: Follow Me\n|move|p1b: Grimmsnarl|Foul Play|p2b: Clefable\n|-resisted|p2b: Clefable\n|-damage|p2b: Clefable|52/100\n|move|p1a: Farigiraf|Psychic|p2b: Clefable\n|-damage|p2b: Clefable|10/100\n|-enditem|p2b: Clefable|Sitrus Berry|[eat]\n|-heal|p2b: Clefable|35/100|[from] item: Sitrus Berry\n|move|p2a: Gholdengo|Make It Rain|p1b: Grimmsnarl|[spread] p1a,p1b\n|-resisted|p1b: Grimmsnarl\n|-damage|p1a: Farigiraf|0 fnt\n|-damage|p1b: Grimmsnarl|24/100\n|-unboost|p2a: Gholdengo|spa|1\n|faint|p1a: Farigiraf\n|-damage|p2a: Gholdengo|52/100|[from] item: Life Orb\n|\n|upkeep\n|\n|t:|1735737127\n|switch|p1a: Ursaluna|Ursaluna, L50, M|100/100\n|turn|4\n|\n|t:|1735737142\n|move|p2b: Clefable|Follow Me|p2b: Clefable\n|-singleturn|p2b: Clefable|move: Follow Me\n|move|p1b: Grimmsnarl|Reflect|p1b: Grimmsnarl\n|-sidestart|p1: sohaib1478|Reflect\n|move|p1a: Ursaluna|High Horsepower|p2b: Clefable\n|-damage|p2b: Clefable|0 fnt\n|faint|p2b: Clefable\n|move|p2a: Gholdengo|Make It Rain|p1a: Ursaluna|[spread] p1a,p1b\n|-resisted|p1b: Grimmsnarl\n|-damage|p1a: Ursaluna|68/100\n|-damage|p1b: Grimmsnarl|1/100\n|-unboost|p2a: Gholdengo|spa|1\n|-damage|p2a: Gholdengo|42/100|[from] item: Life Orb\n|\n|-status|p1a: Ursaluna|brn|[from] item: Flame Orb\n|upkeep\n|\n|t:|1735737158\n|switch|p2b: Rillaboom|Rillaboom, L50, F|100/100\n|-fieldstart|move: Grassy Terrain|[from] ability: Grassy Surge|[of] p2b: Rillaboom\n|turn|5\n|\n|t:|1735737167\n|switch|p2a: Kommo-o|Kommo-o, L50, F|100/100\n|move|p2b: Rillaboom|Fake Out|p1a: Ursaluna\n|-damage|p1a: Ursaluna|61/100 brn\n|cant|p1a: Ursaluna|flinch\n|move|p1b: Grimmsnarl|Play Rough|p2b: Rillaboom\n|-damage|p2b: Rillaboom|50/100\n|\n|-heal|p1a: Ursaluna|67/100 brn|[from] Grassy Terrain\n|-heal|p1b: Grimmsnarl|7/100|[from] Grassy Terrain\n|-heal|p2b: Rillaboom|56/100|[from] Grassy Terrain\n|-damage|p1a: Ursaluna|61/100 brn|[from] brn\n|-fieldend|move: Trick Room\n|upkeep\n|turn|6\n|\n|t:|1735737186\n|move|p1a: Ursaluna|Protect|p1a: Ursaluna\n|-singleturn|p1a: Ursaluna|Protect\n|move|p2a: Kommo-o|Clangorous Soul|p2a: Kommo-o\n|-boost|p2a: Kommo-o|atk|1\n|-boost|p2a: Kommo-o|def|1\n|-boost|p2a: Kommo-o|spa|1\n|-boost|p2a: Kommo-o|spd|1\n|-boost|p2a: Kommo-o|spe|1\n|-damage|p2a: Kommo-o|68/100\n|-enditem|p2a: Kommo-o|Throat Spray\n|-boost|p2a: Kommo-o|spa|1|[from] item: Throat Spray\n|move|p2b: Rillaboom|Wood Hammer|p1a: Ursaluna\n|-activate|p1a: Ursaluna|move: Protect\n|move|p1b: Grimmsnarl|Play Rough|p2a: Kommo-o|[miss]\n|-miss|p1b: Grimmsnarl|p2a: Kommo-o\n|\n|-heal|p2a: Kommo-o|74/100|[from] Grassy Terrain\n|-heal|p2b: Rillaboom|62/100|[from] Grassy Terrain\n|-heal|p1b: Grimmsnarl|13/100|[from] Grassy Terrain\n|-heal|p1a: Ursaluna|67/100 brn|[from] Grassy Terrain\n|-damage|p1a: Ursaluna|61/100 brn|[from] brn\n|upkeep\n|turn|7\n|inactive|sohaib1478 has 30 seconds left.\n|\n|t:|1735737211\n|switch|p1a: Vikavolt|Vikavolt, L50, F|100/100\n|move|p2a: Kommo-o|Clanging Scales|p1a: Vikavolt|[spread] p1a,p1b\n|-crit|p1a: Vikavolt\n|-resisted|p1b: Grimmsnarl\n|-damage|p1a: Vikavolt|0 fnt\n|-damage|p1b: Grimmsnarl|0 fnt\n|faint|p1a: Vikavolt\n|faint|p1b: Grimmsnarl\n|-unboost|p2a: Kommo-o|def|1\n|move|p2b: Rillaboom|Wood Hammer|p1: Vikavolt|[notarget]\n|-fail|p2b: Rillaboom\n|\n|-heal|p2a: Kommo-o|79/100|[from] Grassy Terrain\n|-heal|p2b: Rillaboom|67/100|[from] Grassy Terrain\n|upkeep\n|-message|sohaib1478 forfeited.\n|\n|win|Erfiero\n|raw|sohaib1478's rating: 1413 &rarr; <strong>1401</strong><br />(-12 for losing)\n|raw|Erfiero's rating: 1561 &rarr; <strong>1573</strong><br />(+12 for winning)\n|l|\u2606sohaib1478\n|player|p1|\n|l|\u2606Erfiero\n|player|p2|\n",
  "uploadtime": 1735737536,
  "views": 26,
  "formatid": "gen9vgc2024regh",
  "rating": 1401,
  "private": 0,
  "password": null
}