{
  "id": "gen9vgc2024regh-2273110771",
  "format": "[Gen 9] VGC 2024 Reg H",
  "players": [
    "LocalCanine",
    "TeamRocketArcher1"
  ],
  "log": "|j|\u2606LocalCanine\n|j|\u2606TeamRocketArcher1\n|t:|1735732610\n|gametype|doubles\n|player|p1|LocalCanine|101|1202\n|player|p2|TeamRocketArcher1|archer|1251\n|teamsize|p1|6\n|teamsize|p2|6\n|gen|9\n|tier|[Gen 9] VGC 2024 Reg H\n|rated|\n|rule|Species Clause: Limit one of each Pok\u00e9mon\n|rule|Item Clause: Limit 1 of each item\n|clearpoke\n|poke|p1|Politoed, L50, M|\n|poke|p1|Basculegion, L50, M|\n|poke|p1|Ludicolo, L50, F|\n|poke|p1|Grimmsnarl, L50, M|\n|poke|p1|Archaludon, L50, M|\n|poke|p1|Ambipom, L50, F|\n|poke|p2|Pelipper, L50, F|\n|poke|p2|Kingdra, L50, F|\n|poke|p2|Raichu, L50, M|\n|poke|p2|Dragonite, L50, F|\n|poke|p2|Scizor, L50, F|\n|poke|p2|Torkoal, L50, F|\n|teampreview|4\nLocalCanine has agreed to open team sheets.\n|\n|t:|1735732631\n|start\n|switch|p1a: Grimmsnarl|Grimmsnarl, L50, M|100/100\n|switch|p1b: Archaludon|Archaludon, L50, M|100/100\n|switch|p2a: Raichu|Raichu, L50, M|100/100\n|switch|p2b: Pelipper|Pelipper, L50, F, shiny|100/100\n|-weather|RainDance|[from] ability: Drizzle|[of] p2b: Pelipper\n|turn|1\n|inactive|Battle timer is ON: inactive players will automatically lose when time's up. (requested by LocalCanine)\n|\n|t:|1735732641\n|move|p2a: Raichu|Fake Out|p1a: Grimmsnarl\n|-damage|p1a: Grimmsnarl|93/100\n|cant|p1a: Grimmsnarl|flinch\n|move|p2b: Pelipper|Tailwind|p2b: Pelipper\n|-sidestart|p2: TeamRocketArcher1|move: Tailwind\n|move|p1b: Archaludon|Electro Shot||[still]\n|-activate|p2a: Raichu|ability: Lightning Rod\n|-prepare|p1b: Archaludon|Electro Shot\n|-boost|p1b: Archaludon|spa|1\n|-anim|p1b: Archaludon|Electro Shot|p2a: Raichu\n|-ability|p2a: Raichu|Lightning Rod|boost\n|-boost|p2a: Raichu|spa|1\n|\n|-weather|RainDance|[upkeep]\n|upkeep\n|turn|2\n|inactive|LocalCanine has 30 seconds left.\n|\n|t:|1735732667\n|switch|p2b: Dragonite|Dragonite, L50, F|100/100\n|-terastallize|p2a: Raichu|Electric\n|move|p1a: Grimmsnarl|Light Screen|p1a: Grimmsnarl\n|-sidestart|p1: LocalCanine|move: Light Screen\n|move|p2a: Raichu|Thunder|p1a: Grimmsnarl\n|-damage|p1a: Grimmsnarl|27/100\n|move|p1b: Archaludon|Draco Meteor|p2a: Raichu|[miss]\n|-miss|p1b: Archaludon|p2a: Raichu\n|\n|-weather|RainDance|[upkeep]\n|upkeep\n|turn|3\n|\n|t:|1735732688\n|move|p2b: Dragonite|Extreme Speed|p1a: Grimmsnarl\n|-damage|p1a: Grimmsnarl|0 fnt\n|faint|p1a: Grimmsnarl\n|move|p2a: Raichu|Thunder|p1b: Archaludon\n|-resisted|p1b: Archaludon\n|-damage|p1b: Archaludon|75/100\n|-status|p1b: Archaludon|par\n|-ability|p1b: Archaludon|Stamina|boost\n|-boost|p1b: Archaludon|def|1\n|move|p1b: Archaludon|Draco Meteor|p2a: Raichu\n|-enditem|p2a: Raichu|Focus Sash\n|-damage|p2a: Raichu|1/100\n|-unboost|p1b: Archaludon|spa|2\n|\n|-weather|RainDance|[upkeep]\n|upkeep\n|\n|t:|1735732706\n|switch|p1a: Basculegion|Basculegion, L50, M|100/100\n|turn|4\n|\n|t:|1735732721\n|move|p1a: Basculegion|Aqua Jet|p2a: Raichu\n|-damage|p2a: Raichu|0 fnt\n|faint|p2a: Raichu\n|move|p2b: Dragonite|Hurricane|p1b: Archaludon\n|-resisted|p1b: Archaludon\n|-damage|p1b: Archaludon|65/100 par\n|-ability|p1b: Archaludon|Stamina|boost\n|-boost|p1b: Archaludon|def|1\n|move|p1b: Archaludon|Flash Cannon|p2b: Dragonite\n|-damage|p2b: Dragonite|86/100\n|\n|-weather|RainDance|[upkeep]\n|-sideend|p2: TeamRocketArcher1|move: Tailwind\n|upkeep\n|\n|t:|1735732725\n|switch|p2a: Pelipper|Pelipper, L50, F, shiny|100/100\n|turn|5\n|\n|t:|1735732735\n|switch|p1a: Ludicolo|Ludicolo, L50, F|100/100\n|move|p2a: Pelipper|Tailwind|p2a: Pelipper\n|-sidestart|p2: TeamRocketArcher1|move: Tailwind\n|move|p2b: Dragonite|Waterfall|p1a: Ludicolo\n|-resisted|p1a: Ludicolo\n|-crit|p1a: Ludicolo\n|-damage|p1a: Ludicolo|73/100\n|move|p1b: Archaludon|Electro Shot||[still]\n|-prepare|p1b: Archaludon|Electro Shot\n|-boost|p1b: Archaludon|spa|1\n|-anim|p1b: Archaludon|Electro Shot|p2a: Pelipper\n|-supereffective|p2a: Pelipper\n|-damage|p2a: Pelipper|0 fnt\n|faint|p2a: Pelipper\n|\n|-weather|none\n|upkeep\n|\n|t:|1735732737\n|switch|p2a: Kingdra|Kingdra, L50, F|100/100\n|turn|6\n|inactive|LocalCanine has 30 seconds left.\n|\n|t:|1735732763\n|move|p2b: Dragonite|Dragon Cheer|p2a: Kingdra\n|-start|p2a: Kingdra|move: Dragon Cheer\n|move|p2a: Kingdra|Draco Meteor|p1b: Archaludon\n|-crit|p1b: Archaludon\n|-damage|p1b: Archaludon|0 fnt\n|-unboost|p2a: Kingdra|spa|2\n|faint|p1b: Archaludon\n|move|p1a: Ludicolo|Muddy Water|p2b: Dragonite|[spread] p2a,p2b\n|-resisted|p2a: Kingdra\n|-resisted|p2b: Dragonite\n|-crit|p2b: Dragonite\n|-damage|p2a: Kingdra|91/100\n|-damage|p2b: Dragonite|60/100\n|-damage|p1a: Ludicolo|64/100|[from] item: Life Orb\n|\n|upkeep\n|\n|t:|1735732775\n|switch|p1b: Basculegion|Basculegion, L50, M|100/100\n|turn|7\n|\n|t:|1735732785\n|move|p2b: Dragonite|Hurricane|p1a: Ludicolo|[miss]\n|-miss|p2b: Dragonite|p1a: Ludicolo\n|move|p2a: Kingdra|Draco Meteor|p1b: Basculegion\n|-crit|p1b: Basculegion\n|-damage|p1b: Basculegion|0 fnt\n|-unboost|p2a: Kingdra|spa|2\n|faint|p1b: Basculegion\n|move|p1a: Ludicolo|Muddy Water|p2a: Kingdra|[spread] p2a,p2b\n|-resisted|p2a: Kingdra\n|-resisted|p2b: Dragonite\n|-damage|p2a: Kingdra|80/100\n|-damage|p2b: Dragonite|41/100\n|-enditem|p2b: Dragonite|Sitrus Berry|[eat]\n|-heal|p2b: Dragonite|66/100|[from] item: Sitrus Berry\n|-damage|p1a: Ludicolo|54/100|[from] item: Life Orb\n|\n|upkeep\n|turn|8\n|\n|t:|1735732804\n|-terastallize|p1a: Ludicolo|Water\n|move|p2b: Dragonite|Hurricane|p1a: Ludicolo\n|-damage|p1a: Ludicolo|26/100\n|move|p2a: Kingdra|Draco Meteor|p1a: Ludicolo\n|-crit|p1a: Ludicolo\n|-damage|p1a: Ludicolo|0 fnt\n|-unboost|p2a: Kingdra|spa|2\n|faint|p1a: Ludicolo\n|\n|win|TeamRocketArcher1\n|raw|LocalCanine's rating: 1202 &rarr; <strong>1181</strong><br />(-21 for losing)\n|raw|TeamRocketArcher1's rating: 1251 &rarr; <strong>1272</strong><br />(+21 for winning)\n|l|\u2606LocalCanine\n|player|p1|\n",
  "uploadtime": 1735732822,
  "views": 14,
  "formatid": "gen9vgc2024regh",
  "rating": 1181,
  "private": 0,
  "password": null
}