{
  "id": "gen9vgc2024regh-2273137020",
  "format": "[Gen 9] VGC 2024 Reg H",
  "players": [
    "Kubo-kun",
    "Kinggallo"
  ],
  "log": "|j|\u2606Kubo-kun\n|j|\u2606Kinggallo\n|t:|1735738384\n|gametype|doubles\n|player|p1|Kubo-kun|101|1098\n|player|p2|Kinggallo|silver|1113\n|teamsize|p1|6\n|teamsize|p2|6\n|gen|9\n|tier|[Gen 9] VGC 2024 Reg H\n|rated|\n|rule|Species Clause: Limit one of each Pok\u00e9mon\n|rule|Item Clause: Limit 1 of each item\n|clearpoke\n|poke|p1|Typhlosion-Hisui, L50, M|\n|poke|p1|Comfey, L50, M|\n|poke|p1|Ursaluna-Bloodmoon, L50, M|\n|poke|p1|Incineroar, L50, F|\n|poke|p1|Empoleon, L50, F|\n|poke|p1|Baxcalibur, L50, M|\n|poke|p2|Gliscor, L50, M|\n|poke|p2|Feraligatr, L50, M|\n|poke|p2|Ariados, L50, M|\n|poke|p2|Ampharos, L50, M|\n|poke|p2|Ambipom, L50, M|\n|poke|p2|Tyranitar, L50, M|\n|teampreview|4\n|\n|t:|1735738449\n|start\n|switch|p1a: Incineroar|Incineroar, L50, F|100/100\n|switch|p1b: Empoleon|Empoleon, L50, F|100/100\n|switch|p2a: Tyranitar|Tyranitar, L50, M|100/100\n|switch|p2b: Ariados|Ariados, L50, M|100/100\n|-weather|Sandstorm|[from] ability: Sand Stream|[of] p2a: Tyranitar\n|-ability|p1a: Incineroar|Intimidate|boost\n|-unboost|p2a: Tyranitar|atk|1\n|-unboost|p2b: Ariados|atk|1\n|turn|1\n|\n|t:|1735738476\n|move|p2a: Tyranitar|Protect|p2a: Tyranitar\n|-singleturn|p2a: Tyranitar|Protect\n|move|p1a: Incineroar|Fake Out|p2a: Tyranitar\n|-activate|p2a: Tyranitar|move: Protect\n|move|p1b: Empoleon|Vacuum Wave|p2a: Tyranitar\n|-activate|p2a: Tyranitar|move: Protect\n|move|p2b: Ariados|Sticky Web|p1a: Incineroar\n|-sidestart|p1: Kubo-kun|move: Sticky Web\n|\n|-weather|Sandstorm|[upkeep]\n|-damage|p2b: Ariados|94/100|[from] Sandstorm\n|-damage|p1a: Incineroar|95/100|[from] Sandstorm\n|upkeep\n|turn|2\n|\n|t:|1735738491\n|switch|p2a: Gliscor|Gliscor, L50, M|100/100\n|move|p2b: Ariados|Protect|p2b: Ariados\n|-singleturn|p2b: Ariados|Protect\n|move|p1b: Empoleon|Vacuum Wave|p2a: Gliscor\n|-resisted|p2a: Gliscor\n|-damage|p2a: Gliscor|92/100\n|move|p1a: Incineroar|Will-O-Wisp|p2a: Gliscor\n|-status|p2a: Gliscor|brn\n|\n|-weather|Sandstorm|[upkeep]\n|-damage|p2b: Ariados|88/100|[from] Sandstorm\n|-damage|p1a: Incineroar|89/100|[from] Sandstorm\n|-damage|p2a: Gliscor|86/100 brn|[from] brn\n|upkeep\n|turn|3\n|\n|t:|1735738519\n|move|p2b: Ariados|Rage Powder|p2b: Ariados\n|-singleturn|p2b: Ariados|move: Rage Powder\n|move|p2a: Gliscor|Swords Dance|p2a: Gliscor\n|-boost|p2a: Gliscor|atk|2\n|move|p1a: Incineroar|Parting Shot|p2b: Ariados\n|-unboost|p2b: Ariados|atk|1\n|-unboost|p2b: Ariados|spa|1\n|\n|t:|1735738531\n|switch|p1a: Ursaluna|Ursaluna-Bloodmoon, L50, M|100/100|[from] Parting Shot\n|-activate|p1a: Ursaluna|move: Sticky Web\n|-unboost|p1a: Ursaluna|spe|1\n|move|p1b: Empoleon|Ice Beam|p2b: Ariados\n|-damage|p2b: Ariados|47/100\n|\n|-weather|Sandstorm|[upkeep]\n|-damage|p2b: Ariados|40/100|[from] Sandstorm\n|-damage|p2a: Gliscor|80/100 brn|[from] brn\n|upkeep\n|turn|4\n|\n|t:|1735738549\n|move|p2b: Ariados|Rage Powder|p2b: Ariados\n|-singleturn|p2b: Ariados|move: Rage Powder\n|move|p2a: Gliscor|High Horsepower|p1b: Empoleon\n|-supereffective|p1b: Empoleon\n|-damage|p1b: Empoleon|30/100\n|move|p1b: Empoleon|Ice Beam|p2b: Ariados\n|-damage|p2b: Ariados|0 fnt\n|faint|p2b: Ariados\n|move|p1a: Ursaluna|Hyper Voice|p2a: Gliscor\n|-damage|p2a: Gliscor|0 fnt\n|faint|p2a: Gliscor\n|-damage|p1a: Ursaluna|91/100|[from] item: Life Orb\n|\n|-weather|Sandstorm|[upkeep]\n|upkeep\n|\n|t:|1735738565\n|switch|p2a: Tyranitar|Tyranitar, L50, M|100/100\n|switch|p2b: Feraligatr|Feraligatr, L50, M|100/100\n|turn|5\n|\n|t:|1735738597\n|switch|p1b: Incineroar|Incineroar, L50, F|89/100\n|-activate|p1b: Incineroar|move: Sticky Web\n|-unboost|p1b: Incineroar|spe|1\n|-ability|p1b: Incineroar|Intimidate|boost\n|-unboost|p2a: Tyranitar|atk|1\n|-unboost|p2b: Feraligatr|atk|1\n|-terastallize|p2a: Tyranitar|Fairy\n|-terastallize|p1a: Ursaluna|Ghost\n|move|p2b: Feraligatr|Protect|p2b: Feraligatr\n|-singleturn|p2b: Feraligatr|Protect\n|move|p2a: Tyranitar|Iron Defense|p2a: Tyranitar\n|-boost|p2a: Tyranitar|def|2\n|move|p1a: Ursaluna|Earth Power|p2a: Tyranitar\n|-damage|p2a: Tyranitar|55/100\n|-damage|p1a: Ursaluna|81/100|[from] item: Life Orb\n|\n|-weather|none\n|-heal|p2a: Tyranitar|61/100|[from] item: Leftovers\n|upkeep\n|turn|6\n|\n|t:|1735738625\n|move|p2b: Feraligatr|Crunch|p1a: Ursaluna\n|-supereffective|p1a: Ursaluna\n|-damage|p1a: Ursaluna|33/100\n|move|p2a: Tyranitar|Body Press|p1b: Incineroar\n|-supereffective|p1b: Incineroar\n|-damage|p1b: Incineroar|12/100\n|-enditem|p1b: Incineroar|Aguav Berry|[eat]\n|-heal|p1b: Incineroar|45/100|[from] item: Aguav Berry\n|move|p1b: Incineroar|Will-O-Wisp|p2b: Feraligatr|[miss]\n|-miss|p1b: Incineroar|p2b: Feraligatr\n|move|p1a: Ursaluna|Hyper Voice|p2b: Feraligatr|[spread] p2a,p2b\n|-damage|p2a: Tyranitar|32/100\n|-damage|p2b: Feraligatr|45/100\n|-damage|p1a: Ursaluna|23/100|[from] item: Life Orb\n|\n|-heal|p2a: Tyranitar|38/100|[from] item: Leftovers\n|upkeep\n|turn|7\n|\n|t:|1735738656\n|switch|p1a: Empoleon|Empoleon, L50, F|30/100\n|-activate|p1a: Empoleon|move: Sticky Web\n|-unboost|p1a: Empoleon|spe|1\n|-ability|p1a: Empoleon|Competitive|boost\n|-boost|p1a: Empoleon|spa|2\n|move|p2b: Feraligatr|Crunch|p1a: Empoleon\n|-damage|p1a: Empoleon|4/100\n|move|p2a: Tyranitar|Body Press|p1b: Incineroar\n|-supereffective|p1b: Incineroar\n|-damage|p1b: Incineroar|0 fnt\n|faint|p1b: Incineroar\n|\n|-heal|p2a: Tyranitar|43/100|[from] item: Leftovers\n|upkeep\n|\n|t:|1735738672\n|switch|p1b: Comfey|Comfey, L50, M|100/100\n|-activate|p1b: Comfey|move: Sticky Web\n|-unboost|p1b: Comfey|spe|1\n|turn|8\n|\n|t:|1735738686\n|move|p2b: Feraligatr|Protect|p2b: Feraligatr\n|-singleturn|p2b: Feraligatr|Protect\n|move|p1b: Comfey|Floral Healing|p1a: Empoleon\n|-heal|p1a: Empoleon|54/100\n|move|p2a: Tyranitar|Body Press|p1a: Empoleon\n|-supereffective|p1a: Empoleon\n|-crit|p1a: Empoleon\n|-damage|p1a: Empoleon|0 fnt\n|faint|p1a: Empoleon\n|\n|-heal|p2a: Tyranitar|49/100|[from] item: Leftovers\n|upkeep\n|\n|t:|1735738696\n|switch|p1a: Ursaluna|Ursaluna-Bloodmoon, L50, M, tera:Ghost|23/100\n|-activate|p1a: Ursaluna|move: Sticky Web\n|-unboost|p1a: Ursaluna|spe|1\n|turn|9\n|\n|t:|1735738704\n|move|p1b: Comfey|Floral Healing|p1a: Ursaluna\n|-heal|p1a: Ursaluna|73/100\n|move|p2b: Feraligatr|Crunch|p1a: Ursaluna\n|-supereffective|p1a: Ursaluna\n|-damage|p1a: Ursaluna|29/100\n|move|p2a: Tyranitar|Rock Slide|p1a: Ursaluna|[spread] p1a,p1b\n|-crit|p1a: Ursaluna\n|-damage|p1a: Ursaluna|0 fnt\n|-damage|p1b: Comfey|81/100\n|faint|p1a: Ursaluna\n|\n|-heal|p2a: Tyranitar|55/100|[from] item: Leftovers\n|upkeep\n|turn|10\n|\n|t:|1735738721\n|move|p1b: Comfey|Draining Kiss|p2b: Feraligatr\n|-damage|p2b: Feraligatr|26/100\n|-heal|p1b: Comfey|99/100|[from] drain|[of] p2b: Feraligatr\n|move|p2b: Feraligatr|Liquidation|p1b: Comfey\n|-damage|p1b: Comfey|47/100\n|-enditem|p1b: Comfey|Sitrus Berry|[eat]\n|-heal|p1b: Comfey|72/100|[from] item: Sitrus Berry\n|move|p2a: Tyranitar|Body Press|p1b: Comfey\n|-resisted|p1b: Comfey\n|-damage|p1b: Comfey|49/100\n|\n|-heal|p2a: Tyranitar|61/100|[from] item: Leftovers\n|upkeep\n|turn|11\n|\n|t:|1735738734\n|move|p2b: Feraligatr|Protect|p2b: Feraligatr\n|-singleturn|p2b: Feraligatr|Protect\n|move|p1b: Comfey|Draining Kiss|p2b: Feraligatr\n|-activate|p2b: Feraligatr|move: Protect\n|move|p2a: Tyranitar|Iron Defense|p2a: Tyranitar\n|-boost|p2a: Tyranitar|def|2\n|\n|-heal|p2a: Tyranitar|67/100|[from] item: Leftovers\n|upkeep\n|turn|12\n|\n|t:|1735738752\n|move|p1b: Comfey|Draining Kiss|p2b: Feraligatr\n|-damage|p2b: Feraligatr|7/100\n|-heal|p1b: Comfey|67/100|[from] drain|[of] p2b: Feraligatr\n|move|p2b: Feraligatr|Liquidation|p1b: Comfey\n|-damage|p1b: Comfey|15/100\n|move|p2a: Tyranitar|Body Press|p1b: Comfey\n|-resisted|p1b: Comfey\n|-damage|p1b: Comfey|0 fnt\n|faint|p1b: Comfey\n|\n|win|Kinggallo\n|raw|Kubo-kun's rating: 1098 &rarr; <strong>1074</strong><br />(-24 for losing)\n|raw|Kinggallo's rating: 1113 &rarr; <strong>1137</strong><br />(+24 for winning)\n|l|\u2606Kubo-kun\n|player|p1|\n|l|\u2606Kinggallo\n|player|p2|\n",
  "uploadtime": 1735739059,
  "views": 25,
  "formatid": "gen9vgc2024regh",
  "rating": 1074,
  "private": 0,
  "password": null
}