{
  "id": "gen9vgc2024regh-2273134082",
  "format": "[Gen 9] VGC 2024 Reg H",
  "players": [
    "Kinggallo",
    "Mike_lindsay"
  ],
  "log": "|j|\u2606Kinggallo\n|j|\u2606Mike_lindsay\n|t:|1735737796\n|gametype|doubles\n|player|p1|Kinggallo|silver|1165\n|player|p2|Mike_lindsay|266|1115\n|teamsize|p1|6\n|teamsize|p2|6\n|gen|9\n|tier|[Gen 9] VGC 2024 Reg H\n|rated|\n|rule|Species Clause: Limit one of each Pok\u00e9mon\n|rule|Item Clause: Limit 1 of each item\n|clearpoke\n|poke|p1|Gliscor, L50, M|\n|poke|p1|Feraligatr, L50, M|\n|poke|p1|Ariados, L50, F|\n|poke|p1|Ampharos, L50, F|\n|poke|p1|Ambipom, L50, F|\n|poke|p1|Tyranitar, L50, M|\n|poke|p2|Archaludon, L50, F|\n|poke|p2|Pelipper, L50, F|\n|poke|p2|Annihilape, L50, M|\n|poke|p2|Sinistcha, L50|\n|poke|p2|Whimsicott, L50, M|\n|poke|p2|Porygon2, L50|\n|teampreview|4\n|\n|t:|1735737844\n|start\n|switch|p1a: Ariados|Ariados, L50, F|100/100\n|switch|p1b: Ampharos|Ampharos, L50, F|100/100\n|switch|p2a: Whimsicott|Whimsicott, L50, M|100/100\n|switch|p2b: Archaludon|Archaludon, L50, F|100/100\n|turn|1\n|\n|t:|1735737856\n|move|p2a: Whimsicott|Beat Up|p2b: Archaludon\n|-damage|p2b: Archaludon|99/100\n|-ability|p2b: Archaludon|Stamina|boost\n|-boost|p2b: Archaludon|def|1\n|-damage|p2b: Archaludon|97/100\n|-ability|p2b: Archaludon|Stamina|boost\n|-boost|p2b: Archaludon|def|1\n|-damage|p2b: Archaludon|96/100\n|-ability|p2b: Archaludon|Stamina|boost\n|-boost|p2b: Archaludon|def|1\n|-damage|p2b: Archaludon|95/100\n|-ability|p2b: Archaludon|Stamina|boost\n|-boost|p2b: Archaludon|def|1\n|-hitcount|p2b: Archaludon|4\n|move|p2b: Archaludon|Body Press|p1b: Ampharos\n|-damage|p1b: Ampharos|18/100\n|move|p1a: Ariados|Sticky Web|p2a: Whimsicott\n|-sidestart|p2: Mike_lindsay|move: Sticky Web\n|move|p1b: Ampharos|Light Screen|p1b: Ampharos\n|-sidestart|p1: Kinggallo|move: Light Screen\n|\n|upkeep\n|turn|2\n|\n|t:|1735737885\n|move|p1a: Ariados|Rage Powder|p1a: Ariados\n|-singleturn|p1a: Ariados|move: Rage Powder\n|move|p2a: Whimsicott|Encore|p1a: Ariados\n|-start|p1a: Ariados|Encore\n|move|p2b: Archaludon|Body Press|p1a: Ariados\n|-resisted|p1a: Ariados\n|-crit|p1a: Ariados\n|-damage|p1a: Ariados|55/100\n|move|p1b: Ampharos|Reflect|p1b: Ampharos\n|-sidestart|p1: Kinggallo|Reflect\n|\n|upkeep\n|turn|3\n|\n|t:|1735737900\n|move|p1a: Ariados|Rage Powder|p1a: Ariados\n|-singleturn|p1a: Ariados|move: Rage Powder\n|move|p2a: Whimsicott|Dazzling Gleam|p1b: Ampharos|[spread] p1a,p1b\n|-resisted|p1a: Ariados\n|-damage|p1a: Ariados|45/100\n|-damage|p1b: Ampharos|5/100\n|move|p2b: Archaludon|Body Press|p1a: Ariados\n|-resisted|p1a: Ariados\n|-damage|p1a: Ariados|25/100\n|move|p1b: Ampharos|Electroweb|p2a: Whimsicott|[spread] p2a,p2b\n|-resisted|p2a: Whimsicott\n|-resisted|p2b: Archaludon\n|-crit|p2b: Archaludon\n|-damage|p2a: Whimsicott|88/100\n|-damage|p2b: Archaludon|81/100\n|-unboost|p2a: Whimsicott|spe|1\n|-unboost|p2b: Archaludon|spe|1\n|-ability|p2b: Archaludon|Stamina|boost\n|-boost|p2b: Archaludon|def|1\n|\n|upkeep\n|turn|4\n|\n|t:|1735737927\n|move|p1a: Ariados|Rage Powder|p1a: Ariados\n|-singleturn|p1a: Ariados|move: Rage Powder\n|move|p2a: Whimsicott|Cotton Spore|p1a: Ariados|[spread] p1a,p1b\n|-unboost|p1a: Ariados|spe|2\n|-unboost|p1b: Ampharos|spe|2\n|move|p2b: Archaludon|Body Press|p1a: Ariados\n|-resisted|p1a: Ariados\n|-damage|p1a: Ariados|0 fnt\n|faint|p1a: Ariados\n|move|p1b: Ampharos|Volt Switch|p2a: Whimsicott\n|-resisted|p2a: Whimsicott\n|-damage|p2a: Whimsicott|66/100\n|\n|t:|1735737942\n|switch|p1b: Gliscor|Gliscor, L50, M|100/100|[from] Volt Switch\n|\n|-status|p1b: Gliscor|tox|[from] item: Toxic Orb\n|upkeep\n|\n|t:|1735737951\n|switch|p1a: Tyranitar|Tyranitar, L50, M|100/100\n|-weather|Sandstorm|[from] ability: Sand Stream|[of] p1a: Tyranitar\n|turn|5\n|\n|t:|1735737967\n|switch|p2a: Pelipper|Pelipper, L50, F|100/100\n|-weather|RainDance|[from] ability: Drizzle|[of] p2a: Pelipper\n|-terastallize|p1a: Tyranitar|Fairy\n|-terastallize|p2b: Archaludon|Grass\n|move|p1b: Gliscor|Swords Dance|p1b: Gliscor\n|-boost|p1b: Gliscor|atk|2\n|move|p1a: Tyranitar|Rock Slide|p2a: Pelipper|[spread] p2a,p2b\n|-supereffective|p2a: Pelipper\n|-damage|p2a: Pelipper|38/100\n|-damage|p2b: Archaludon|76/100\n|-ability|p2b: Archaludon|Stamina|boost\n|-boost|p2b: Archaludon|def|1\n|cant|p2b: Archaludon|flinch\n|\n|-weather|RainDance|[upkeep]\n|upkeep\n|turn|6\n|\n|t:|1735737999\n|move|p1b: Gliscor|Knock Off|p2a: Pelipper\n|-damage|p2a: Pelipper|0 fnt\n|-enditem|p2a: Pelipper|Focus Sash|[from] move: Knock Off|[of] p1b: Gliscor\n|faint|p2a: Pelipper\n|move|p1a: Tyranitar|Iron Defense|p1a: Tyranitar\n|-boost|p1a: Tyranitar|def|2\n|move|p2b: Archaludon|Body Press|p1b: Gliscor\n|-resisted|p1b: Gliscor\n|-damage|p1b: Gliscor|68/100 tox\n|\n|-weather|RainDance|[upkeep]\n|-heal|p1b: Gliscor|80/100 tox|[from] ability: Poison Heal\n|upkeep\n|\n|t:|1735738009\n|switch|p2a: Annihilape|Annihilape, L50, M|100/100\n|-activate|p2a: Annihilape|move: Sticky Web\n|-unboost|p2a: Annihilape|spe|1\n|-ability|p2a: Annihilape|Defiant|boost\n|-boost|p2a: Annihilape|atk|2\n|turn|7\n|\n|t:|1735738031\n|move|p2a: Annihilape|Protect|p2a: Annihilape\n|-singleturn|p2a: Annihilape|Protect\n|move|p1b: Gliscor|High Horsepower|p2a: Annihilape\n|-activate|p2a: Annihilape|move: Protect\n|move|p1a: Tyranitar|Rock Slide|p2b: Archaludon|[spread] p2b\n|-activate|p2a: Annihilape|move: Protect\n|-damage|p2b: Archaludon|71/100\n|move|p2b: Archaludon|Electro Shot||[still]\n|-prepare|p2b: Archaludon|Electro Shot\n|-boost|p2b: Archaludon|spa|1\n|-anim|p2b: Archaludon|Electro Shot|p1a: Tyranitar\n|-damage|p1a: Tyranitar|72/100\n|\n|-weather|RainDance|[upkeep]\n|-heal|p1a: Tyranitar|78/100|[from] item: Leftovers\n|-heal|p1b: Gliscor|92/100 tox|[from] ability: Poison Heal\n|upkeep\n|turn|8\n|\n|t:|1735738054\n|move|p1b: Gliscor|High Horsepower|p2a: Annihilape\n|-damage|p2a: Annihilape|15/100\n|move|p2a: Annihilape|Rage Fist|p1b: Gliscor\n|-damage|p1b: Gliscor|27/100 tox\n|move|p1a: Tyranitar|Rock Slide|p2a: Annihilape|[spread] p2a\n|-miss|p1a: Tyranitar|p2b: Archaludon\n|-resisted|p2a: Annihilape\n|-damage|p2a: Annihilape|4/100\n|move|p2b: Archaludon|Electro Shot||[still]\n|-prepare|p2b: Archaludon|Electro Shot\n|-boost|p2b: Archaludon|spa|1\n|-anim|p2b: Archaludon|Electro Shot|p1a: Tyranitar\n|-damage|p1a: Tyranitar|35/100\n|\n|-weather|RainDance|[upkeep]\n|-heal|p1a: Tyranitar|41/100|[from] item: Leftovers\n|-heal|p1b: Gliscor|39/100 tox|[from] ability: Poison Heal\n|-sideend|p1: Kinggallo|move: Light Screen\n|upkeep\n|turn|9\n|\n|t:|1735738078\n|move|p2a: Annihilape|Protect|p2a: Annihilape\n|-singleturn|p2a: Annihilape|Protect\n|move|p1a: Tyranitar|Protect|p1a: Tyranitar\n|-singleturn|p1a: Tyranitar|Protect\n|move|p1b: Gliscor|Knock Off|p2a: Annihilape\n|-activate|p2a: Annihilape|move: Protect\n|move|p2b: Archaludon|Electro Shot||[still]\n|-prepare|p2b: Archaludon|Electro Shot\n|-boost|p2b: Archaludon|spa|1\n|-anim|p2b: Archaludon|Electro Shot|p1a: Tyranitar\n|-activate|p1a: Tyranitar|move: Protect\n|\n|-weather|none\n|-heal|p1a: Tyranitar|47/100|[from] item: Leftovers\n|-heal|p1b: Gliscor|51/100 tox|[from] ability: Poison Heal\n|-sideend|p1: Kinggallo|Reflect\n|upkeep\n|turn|10\n|\n|t:|1735738109\n|move|p1b: Gliscor|Knock Off|p2a: Annihilape\n|-damage|p2a: Annihilape|0 fnt\n|-enditem|p2a: Annihilape|Spell Tag|[from] move: Knock Off|[of] p1b: Gliscor\n|faint|p2a: Annihilape\n|move|p1a: Tyranitar|Iron Defense|p1a: Tyranitar\n|-boost|p1a: Tyranitar|def|2\n|move|p2b: Archaludon|Dragon Pulse|p1b: Gliscor\n|-damage|p1b: Gliscor|0 fnt\n|faint|p1b: Gliscor\n|\n|-heal|p1a: Tyranitar|53/100|[from] item: Leftovers\n|upkeep\n|\n|t:|1735738121\n|switch|p1b: Ampharos|Ampharos, L50, F|5/100\n|switch|p2a: Whimsicott|Whimsicott, L50, M|66/100\n|-activate|p2a: Whimsicott|move: Sticky Web\n|-unboost|p2a: Whimsicott|spe|1\n|turn|11\n|-message|Kinggallo forfeited.\n|\n|win|Mike_lindsay\n|raw|Kinggallo's rating: 1165 &rarr; <strong>1136</strong><br />(-29 for losing)\n|raw|Mike_lindsay's rating: 1115 &rarr; <strong>1144</strong><br />(+29 for winning)\n|l|\u2606Kinggallo\n|player|p1|\n|l|\u2606Mike_lindsay\n|player|p2|\n",
  "uploadtime": 1735738505,
  "views": 20,
  "formatid": "gen9vgc2024regh",
  "rating": 1136,
  "private": 0,
  "password": null
}