{
  "id": "gen9vgc2024regh-2273129392",
  "format": "[Gen 9] VGC 2024 Reg H",
  "players": [
    "tomandjerrycuaduc",
    "syll0g1sm"
  ],
  "log": "|j|\u2606tomandjerrycuaduc\n|j|\u2606syll0g1sm\n|t:|1735736799\n|gametype|doubles\n|player|p1|tomandjerrycuaduc|266|1096\n|player|p2|syll0g1sm|1|1130\n|teamsize|p1|6\n|teamsize|p2|6\n|gen|9\n|tier|[Gen 9] VGC 2024 Reg H\n|rated|\n|rule|Species Clause: Limit one of each Pok\u00e9mon\n|rule|Item Clause: Limit 1 of each item\n|clearpoke\n|poke|p1|Porygon2, L50|\n|poke|p1|Pawmot, L50, M|\n|poke|p1|Zoroark-Hisui, L50, M|\n|poke|p1|Ursaluna, L50, F|\n|poke|p1|Clawitzer, L50, F|\n|poke|p1|Clefable, L50, F|\n|poke|p2|Ursaluna, L50, M|\n|poke|p2|Exeggutor-Alola, L50, F|\n|poke|p2|Torkoal, L50, F|\n|poke|p2|Lilligant-Hisui, L50, F|\n|poke|p2|Sableye, L50, M|\n|poke|p2|Gallade, L50, M|\n|teampreview|4\n|\n|t:|1735736842\n|start\n|switch|p1a: Porygon2|Porygon2, L50, shiny|100/100\n|switch|p1b: Pawmot|Pawmot, L50, M|100/100\n|switch|p2a: Sableye|Sableye, L50, M|100/100\n|switch|p2b: Gallade|Gallade, L50, M|100/100\n|-ability|p1a: Porygon2|Download|boost\n|-boost|p1a: Porygon2|atk|1\n|turn|1\n|\n|t:|1735736867\n|move|p2a: Sableye|Light Screen|p2a: Sableye\n|-sidestart|p2: syll0g1sm|move: Light Screen\n|move|p1b: Pawmot|Shadow Ball|p2b: Gallade\n|-supereffective|p2b: Gallade\n|-damage|p2b: Gallade|25/100\n|-damage|p1b: Pawmot|91/100|[from] item: Life Orb\n|move|p2b: Gallade|Sacred Sword|p1a: Porygon2\n|-supereffective|p1a: Porygon2\n|-crit|p1a: Porygon2\n|-damage|p1a: Porygon2|0 fnt\n|faint|p1a: Porygon2\n|\n|upkeep\n|\n|t:|1735736878\n|switch|p1a: Pawmot|Pawmot, L50, M|100/100\n|turn|2\n|\n|t:|1735736900\n|move|p1a: Pawmot|Fake Out|p2b: Gallade\n|-damage|p2b: Gallade|4/100\n|move|p2a: Sableye|Disable|p1b: Pawmot\n|-start|p1b: Pawmot|Disable|Shadow Ball\n|cant|p1b: Pawmot|Disable|Shadow Ball\n|cant|p2b: Gallade|flinch\n|\n|upkeep\n|turn|3\n|\n|t:|1735736923\n|move|p2a: Sableye|Encore|p1a: Pawmot\n|-start|p1a: Pawmot|Encore\n|move|p1b: Pawmot|Flamethrower|p2a: Sableye\n|-damage|p2a: Sableye|58/100\n|-enditem|p2a: Sableye|Eject Button\n|-damage|p1b: Pawmot|81/100|[from] item: Life Orb\n|\n|t:|1735736932\n|switch|p2a: Ursaluna|Ursaluna, L50, M|100/100\n|move|p1a: Pawmot|Fake Out||[still]\n|-hint|Fake Out only works on your first turn out.\n|-fail|p1a: Pawmot\n|move|p2b: Gallade|Sacred Sword|p1a: Pawmot\n|-enditem|p1a: Pawmot|Focus Sash\n|-damage|p1a: Pawmot|1/100\n|\n|-status|p2a: Ursaluna|brn|[from] item: Flame Orb\n|upkeep\n|turn|4\n|\n|t:|1735736973\n|switch|p1a: Clawitzer|Clawitzer, L50, F, shiny|100/100\n|-terastallize|p2a: Ursaluna|Dragon\n|move|p1b: Pawmot|Hyper Voice|p2b: Gallade|[spread] p2a,p2b\n|-damage|p2a: Ursaluna|72/100 brn\n|-damage|p2b: Gallade|0 fnt\n|faint|p2b: Gallade\n|-damage|p1b: Pawmot|71/100|[from] item: Life Orb\n|move|p2a: Ursaluna|Headlong Rush|p1b: Pawmot\n|-crit|p1b: Pawmot\n|-damage|p1b: Pawmot|0 fnt\n|-unboost|p2a: Ursaluna|def|1\n|-unboost|p2a: Ursaluna|spd|1\n|replace|p1b: Zoroark|Zoroark-Hisui, L50, M\n|-end|p1b: Zoroark|Illusion\n|faint|p1b: Zoroark\n|\n|-damage|p2a: Ursaluna|66/100 brn|[from] brn\n|upkeep\n|\n|t:|1735736994\n|switch|p1b: Pawmot|Pawmot, L50, M|1/100\n|switch|p2b: Exeggutor|Exeggutor-Alola, L50, F|100/100\n|turn|5\n|\n|t:|1735737029\n|move|p2a: Ursaluna|Protect|p2a: Ursaluna\n|-singleturn|p2a: Ursaluna|Protect\n|move|p1b: Pawmot|Ice Punch|p2b: Exeggutor\n|-supereffective|p2b: Exeggutor\n|-damage|p2b: Exeggutor|0 fnt\n|faint|p2b: Exeggutor\n|move|p1a: Clawitzer|Dragon Pulse|p2a: Ursaluna\n|-activate|p2a: Ursaluna|move: Protect\n|\n|-damage|p2a: Ursaluna|60/100 brn|[from] brn\n|-sideend|p2: syll0g1sm|move: Light Screen\n|upkeep\n|\n|t:|1735737039\n|switch|p2b: Sableye|Sableye, L50, M|58/100\n|turn|6\n|\n|t:|1735737078\n|move|p2b: Sableye|Disable|p1b: Pawmot\n|-start|p1b: Pawmot|Disable|Ice Punch\n|cant|p1b: Pawmot|Disable|Ice Punch\n|move|p2a: Ursaluna|Facade|p1a: Clawitzer\n|-damage|p1a: Clawitzer|0 fnt\n|faint|p1a: Clawitzer\n|\n|-damage|p2a: Ursaluna|54/100 brn|[from] brn\n|upkeep\n|turn|7\n|-message|tomandjerrycuaduc forfeited.\n|\n|win|syll0g1sm\n|raw|tomandjerrycuaduc's rating: 1096 &rarr; <strong>1074</strong><br />(-22 for losing)\n|raw|syll0g1sm's rating: 1130 &rarr; <strong>1153</strong><br />(+23 for winning)\n|l|\u2606tomandjerrycuaduc\n|player|p1|\n|l|\u2606syll0g1sm\n|player|p2|\n",
  "uploadtime": 1735737398,
  "views": 41,
  "formatid": "gen9vgc2024regh",
  "rating": 1074,
  "private": 0,
  "password": null
}