{
  "id": "gen9vgc2024regh-2273140865",
  "format": "[Gen 9] VGC 2024 Reg H",
  "players": [
    "Popeye1",
    "Titosuave81"
  ],
  "log": "|j|\u2606Popeye1\n|j|\u2606Titosuave81\n|t:|1735739146\n|gametype|doubles\n|player|p1|Popeye1|169|1404\n|player|p2|Titosuave81|2|1359\n|teamsize|p1|6\n|teamsize|p2|6\n|gen|9\n|tier|[Gen 9] VGC 2024 Reg H\n|rated|\n|rule|Species Clause: Limit one of each Pok\u00e9mon\n|rule|Item Clause: Limit 1 of each item\n|clearpoke\n|poke|p1|Ceruledge, L50, M|\n|poke|p1|Amoonguss, L50, F|\n|poke|p1|Primarina, L50, F|\n|poke|p1|Corviknight, L50, M|\n|poke|p1|Garchomp, L50, M|\n|poke|p1|Gallade, L50, M|\n|poke|p2|Weezing-Galar, L50, M|\n|poke|p2|Toedscruel, L50, F|\n|poke|p2|Pawmot, L50, M|\n|poke|p2|Corviknight, L50, F|\n|poke|p2|Garchomp, L50, F|\n|poke|p2|Typhlosion-Hisui, L50, F|\n|teampreview|4\n|inactive|Battle timer is ON: inactive players will automatically lose when time's up. (requested by Popeye1)\nPopeye1 has agreed to open team sheets.\nTitosuave81 has agreed to open team sheets.\n|showteam|p1|Ceruledge||AssaultVest|FlashFire|BitterBlade,Poltergeist,ShadowSneak,TeraBlast|||M|||50|,,,,,Grass]Amoonguss||AguavBerry|Regenerator|PollenPuff,Spore,RagePowder,Protect|||F|||50|,,,,,Water]Primarina||ChoiceSpecs|LiquidVoice|HyperVoice,DazzlingGleam,IcyWind,IceBeam|||F|||50|,,,,,Steel]Corviknight||Leftovers|MirrorArmor|BraveBird,Tailwind,Taunt,Protect|||M|||50|,,,,,Dragon]Garchomp||LifeOrb|RoughSkin|DragonClaw,Earthquake,Protect,SwordsDance|||M|||50|,,,,,Ground]Gallade||ChoiceScarf|Sharpness|SacredSword,PsychoCut,NightSlash,LeafBlade|||M|||50|,,,,,Steel\n|showteam|p2|Weezing-Galar||ChoiceSpecs|NeutralizingGas|StrangeSteam,SludgeBomb,DazzlingGleam,Flamethrower|||M|||50|,,,,,Fire]Toedscruel||CovertCloak|MyceliumMight|RagePowder,Spore,EarthPower,AcidSpray|||F|||50|,,,,,Water]Pawmot||FocusSash|NaturalCure|Protect,CloseCombat,DoubleShock,FakeOut|||M|||50|,,,,,Electric]Corviknight||SitrusBerry|MirrorArmor|BraveBird,Tailwind,Protect,Roost|||F|||50|,,,,,Dragon]Garchomp||LifeOrb|RoughSkin|Earthquake,Protect,DragonClaw,StompingTantrum|||F|||50|,,,,,Ground]Typhlosion-Hisui||ChoiceScarf|Blaze|Eruption,ShadowBall,HeatWave,SleepTalk|||F|||50|,,,,,Fire\n|inactive|Popeye1 has 30 seconds left.\n|inactive|Titosuave81 has 30 seconds left.\n|inactive|Popeye1 has 20 seconds left.\n|inactive|Popeye1 has 15 seconds left.\n|\n|t:|1735739207\n|start\n|switch|p1a: Amoonguss|Amoonguss, L50, F|100/100\n|switch|p1b: Ceruledge|Ceruledge, L50, M|100/100\n|switch|p2a: Weezing|Weezing-Galar, L50, M|100/100\n|switch|p2b: Toedscruel|Toedscruel, L50, F, shiny|100/100\n|-ability|p2a: Weezing|Neutralizing Gas\n|turn|1\n|\n|t:|1735739221\n|-terastallize|p1b: Ceruledge|Grass\n|move|p2b: Toedscruel|Spore|p1b: Ceruledge\n|-immune|p1b: Ceruledge\n|move|p1b: Ceruledge|Bitter Blade|p2b: Toedscruel\n|-supereffective|p2b: Toedscruel\n|-damage|p2b: Toedscruel|0 fnt\n|faint|p2b: Toedscruel\n|move|p2a: Weezing|Sludge Bomb|p1a: Amoonguss\n|-damage|p1a: Amoonguss|46/100\n|move|p1a: Amoonguss|Spore|p2a: Weezing\n|-status|p2a: Weezing|slp|[from] move: Spore\n|\n|upkeep\n|\n|t:|1735739233\n|switch|p2b: Pawmot|Pawmot, L50, M|100/100\n|turn|2\n|\n|t:|1735739247\n|switch|p1b: Garchomp|Garchomp, L50, M|100/100\n|-end|p2a: Weezing|ability: Neutralizing Gas\n|switch|p2a: Garchomp|Garchomp, L50, F|100/100\n|switch|p1a: Corviknight|Corviknight, L50, M|100/100\n|move|p2b: Pawmot|Fake Out|p1b: Garchomp\n|-damage|p1b: Garchomp|88/100\n|-damage|p2b: Pawmot|88/100|[from] ability: Rough Skin|[of] p1b: Garchomp\n|\n|upkeep\n|turn|3\n|inactive|Popeye1 has 30 seconds left.\n|inactive|Titosuave81 has 30 seconds left.\n|\n|t:|1735739276\n|switch|p1a: Amoonguss|Amoonguss, L50, F|79/100\n|-terastallize|p2b: Pawmot|Electric\n|move|p1b: Garchomp|Protect|p1b: Garchomp\n|-singleturn|p1b: Garchomp|Protect\n|move|p2b: Pawmot|Double Shock|p1a: Amoonguss\n|-resisted|p1a: Amoonguss\n|-damage|p1a: Amoonguss|50/100\n|-start|p2b: Pawmot|typechange|Electric|[from] move: Double Shock\n|move|p2a: Garchomp|Dragon Claw|p1b: Garchomp\n|-activate|p1b: Garchomp|move: Protect\n|\n|upkeep\n|turn|4\n|\n|t:|1735739299\n|switch|p2b: Weezing|Weezing-Galar, L50, M|100/100 slp\n|-ability|p2b: Weezing|Neutralizing Gas\n|move|p2a: Garchomp|Protect|p2a: Garchomp\n|-singleturn|p2a: Garchomp|Protect\n|move|p1a: Amoonguss|Rage Powder|p1a: Amoonguss\n|-singleturn|p1a: Amoonguss|move: Rage Powder\n|move|p1b: Garchomp|Earthquake|p2b: Weezing|[spread] p1a,p2b\n|-activate|p2a: Garchomp|move: Protect\n|-supereffective|p2b: Weezing\n|-damage|p1a: Amoonguss|14/100\n|-damage|p2b: Weezing|3/100 slp\n|-enditem|p1a: Amoonguss|Aguav Berry|[eat]\n|-heal|p1a: Amoonguss|47/100|[from] item: Aguav Berry\n|-damage|p1b: Garchomp|78/100|[from] item: Life Orb\n|\n|upkeep\n|turn|5\n|inactive|Popeye1 has 30 seconds left.\n|inactive|Titosuave81 has 30 seconds left.\n|\n|t:|1735739328\n|switch|p1a: Corviknight|Corviknight, L50, M|100/100\n|move|p2a: Garchomp|Dragon Claw|p1b: Garchomp\n|-supereffective|p1b: Garchomp\n|-damage|p1b: Garchomp|0 fnt\n|faint|p1b: Garchomp\n|-damage|p2a: Garchomp|91/100|[from] item: Life Orb\n|cant|p2b: Weezing|slp\n|\n|upkeep\n|\n|t:|1735739338\n|switch|p1b: Ceruledge|Ceruledge, L50, M, tera:Grass|100/100\n|turn|6\n|inactive|Titosuave81 has 30 seconds left.\n|\n|t:|1735739363\n|move|p2a: Garchomp|Dragon Claw|p1a: Corviknight\n|-resisted|p1a: Corviknight\n|-damage|p1a: Corviknight|83/100\n|-damage|p2a: Garchomp|81/100|[from] item: Life Orb\n|move|p1b: Ceruledge|Poltergeist|p2a: Garchomp\n|-activate|p2a: Garchomp|move: Poltergeist|Life Orb\n|-damage|p2a: Garchomp|17/100\n|-curestatus|p2b: Weezing|slp|[msg]\n|move|p2b: Weezing|Sludge Bomb|p1b: Ceruledge\n|-supereffective|p1b: Ceruledge\n|-damage|p1b: Ceruledge|25/100\n|move|p1a: Corviknight|Brave Bird|p2b: Weezing\n|-damage|p2b: Weezing|0 fnt\n|faint|p2b: Weezing\n|-end|p2b: Weezing|ability: Neutralizing Gas\n|-damage|p1a: Corviknight|82/100|[from] Recoil\n|\n|-heal|p1a: Corviknight|88/100|[from] item: Leftovers\n|upkeep\n|\n|t:|1735739381\n|switch|p2b: Pawmot|Pawmot, L50, M, tera:Electric|88/100\n|turn|7\n|\n|t:|1735739395\n|switch|p1b: Amoonguss|Amoonguss, L50, F|47/100\n|move|p1a: Corviknight|Protect|p1a: Corviknight\n|-singleturn|p1a: Corviknight|Protect\n|move|p2b: Pawmot|Fake Out|p1a: Corviknight\n|-activate|p1a: Corviknight|move: Protect\n|move|p2a: Garchomp|Dragon Claw|p1b: Amoonguss\n|-damage|p1b: Amoonguss|6/100\n|-damage|p2a: Garchomp|7/100|[from] item: Life Orb\n|\n|-heal|p1a: Corviknight|94/100|[from] item: Leftovers\n|upkeep\n|turn|8\n|inactive|Popeye1 has 30 seconds left.\n|inactive|Titosuave81 has 30 seconds left.\n|inactive|Popeye1 has 20 seconds left.\n|inactive|Titosuave81 has 20 seconds left.\n|inactive|Popeye1 has 15 seconds left.\n|inactive|Titosuave81 has 15 seconds left.\n|inactive|Popeye1 has 10 seconds left.\n|\n|t:|1735739442\n|move|p1b: Amoonguss|Rage Powder|p1b: Amoonguss\n|-singleturn|p1b: Amoonguss|move: Rage Powder\n|move|p2b: Pawmot|Double Shock|p1b: Amoonguss\n|-resisted|p1b: Amoonguss\n|-damage|p1b: Amoonguss|0 fnt\n|-start|p2b: Pawmot|typechange|Electric|[from] move: Double Shock\n|faint|p1b: Amoonguss\n|move|p2a: Garchomp|Dragon Claw|p1a: Corviknight\n|-resisted|p1a: Corviknight\n|-crit|p1a: Corviknight\n|-damage|p1a: Corviknight|64/100\n|-damage|p2a: Garchomp|0 fnt|[from] item: Life Orb\n|faint|p2a: Garchomp\n|move|p1a: Corviknight|Brave Bird|p2b: Pawmot\n|-resisted|p2b: Pawmot\n|-damage|p2b: Pawmot|58/100\n|-damage|p1a: Corviknight|57/100|[from] Recoil\n|\n|-heal|p1a: Corviknight|62/100|[from] item: Leftovers\n|upkeep\n|\n|t:|1735739448\n|switch|p1b: Ceruledge|Ceruledge, L50, M, tera:Grass|25/100\n|turn|9\n|inactive|Popeye1 has 30 seconds left.\n|inactive|Popeye1 has 20 seconds left.\n|\n|t:|1735739484\n|move|p1b: Ceruledge|Shadow Sneak|p2b: Pawmot\n|-damage|p2b: Pawmot|23/100\n|move|p2b: Pawmot|Double Shock|p1b: Ceruledge\n|-resisted|p1b: Ceruledge\n|-damage|p1b: Ceruledge|0 fnt\n|-start|p2b: Pawmot|typechange|Electric|[from] move: Double Shock\n|faint|p1b: Ceruledge\n|move|p1a: Corviknight|Brave Bird|p2b: Pawmot\n|-resisted|p2b: Pawmot\n|-damage|p2b: Pawmot|0 fnt\n|faint|p2b: Pawmot\n|-damage|p1a: Corviknight|57/100|[from] Recoil\n|\n|win|Popeye1\n|raw|Popeye1's rating: 1404 &rarr; <strong>1421</strong><br />(+17 for winning)\n|raw|Titosuave81's rating: 1359 &rarr; <strong>1342</strong><br />(-17 for losing)\n|l|\u2606Popeye1\n|player|p1|\n|l|\u2606Titosuave81\n|player|p2|\n",
  "uploadtime": 1735739889,
  "views": 21,
  "formatid": "gen9vgc2024regh",
  "rating": 1342,
  "private": 0,
  "password": null
}