{
  "id": "gen9vgc2024regh-2273118217",
  "format": "[Gen 9] VGC 2024 Reg H",
  "players": [
    "Gimme_KO's",
    "sobanNINJA"
  ],
  "log": "|j|\u2606Gimme_KO's\n|j|\u2606sobanNINJA\n|t:|1735734336\n|gametype|doubles\n|player|p1|Gimme_KO's|ghetsis|1272\n|player|p2|sobanNINJA|170|1222\n|teamsize|p1|6\n|teamsize|p2|6\n|gen|9\n|tier|[Gen 9] VGC 2024 Reg H\n|rated|\n|rule|Species Clause: Limit one of each Pok\u00e9mon\n|rule|Item Clause: Limit 1 of each item\n|clearpoke\n|poke|p1|Ursaluna-Bloodmoon, L50, M|\n|poke|p1|Spiritomb, L50, F|\n|poke|p1|Hydrapple, L50, F|\n|poke|p1|Rampardos, L50, F|\n|poke|p1|Incineroar, L50, F|\n|poke|p1|Ninetales-Alola, L50, M|\n|poke|p2|Incineroar, L50, F|\n|poke|p2|Archaludon, L50, M|\n|poke|p2|Politoed, L50, F|\n|poke|p2|Toxicroak, L50, M|\n|poke|p2|Milotic, L50, M|\n|poke|p2|Inteleon, L50, F|\n|teampreview|4\n|\n|t:|1735734353\n|start\n|switch|p1a: LUNAAAA|Ursaluna-Bloodmoon, L50, M|100/100\n|switch|p1b: Spiritomb|Spiritomb, L50, F, shiny|100/100\n|switch|p2a: Politoed|Politoed, L50, F|100/100\n|switch|p2b: Milotic|Milotic, L50, M|100/100\n|-weather|RainDance|[from] ability: Drizzle|[of] p2a: Politoed\n|turn|1\n|\n|t:|1735734372\n|switch|p1a: Ninetales|Ninetales-Alola, L50, M|100/100\n|-weather|Snow|[from] ability: Snow Warning|[of] p1a: Ninetales\n|move|p2a: Politoed|Helping Hand|p2b: Milotic\n|-singleturn|p2b: Milotic|Helping Hand|[of] p2a: Politoed\n|move|p2b: Milotic|Muddy Water|p1b: Spiritomb|[spread] p1a,p1b\n|-damage|p1a: Ninetales|59/100\n|-damage|p1b: Spiritomb|65/100\n|move|p1b: Spiritomb|Trick Room|p1b: Spiritomb\n|-fieldstart|move: Trick Room|[of] p1b: Spiritomb\n|\n|-weather|Snow|[upkeep]\n|upkeep\n|turn|2\n|\n|t:|1735734392\n|switch|p1b: Hydrapple|Hydrapple, L50, F|100/100\n|move|p2a: Politoed|Encore||[still]\n|-fail|p2a: Politoed\n|move|p2b: Milotic|Alluring Voice|p1b: Hydrapple\n|-supereffective|p1b: Hydrapple\n|-damage|p1b: Hydrapple|69/100\n|move|p1a: Ninetales|Aurora Veil|p1a: Ninetales\n|-sidestart|p1: Gimme_KO's|move: Aurora Veil\n|\n|-weather|Snow|[upkeep]\n|upkeep\n|turn|3\n|inactive|Battle timer is ON: inactive players will automatically lose when time's up. (requested by Gimme_KO's)\n|\n|t:|1735734408\n|-terastallize|p2b: Milotic|Dragon\n|move|p2a: Politoed|Helping Hand|p2b: Milotic\n|-singleturn|p2b: Milotic|Helping Hand|[of] p2a: Politoed\n|move|p1a: Ninetales|Helping Hand|p1b: Hydrapple\n|-singleturn|p1b: Hydrapple|Helping Hand|[of] p1a: Ninetales\n|move|p1b: Hydrapple|Giga Drain|p2a: Politoed\n|-supereffective|p2a: Politoed\n|-damage|p2a: Politoed|23/100\n|-heal|p1b: Hydrapple|100/100|[from] drain|[of] p2a: Politoed\n|move|p2b: Milotic|Blizzard|p1b: Hydrapple|[spread] p1a,p1b\n|-resisted|p1a: Ninetales\n|-supereffective|p1b: Hydrapple\n|-damage|p1a: Ninetales|48/100\n|-damage|p1b: Hydrapple|34/100\n|\n|-weather|Snow|[upkeep]\n|upkeep\n|turn|4\n|\n|t:|1735734430\n|move|p2a: Politoed|Protect|p2a: Politoed\n|-singleturn|p2a: Politoed|Protect\n|move|p1b: Hydrapple|Fickle Beam|p2b: Milotic\n|-supereffective|p2b: Milotic\n|-damage|p2b: Milotic|35/100\n|move|p2b: Milotic|Blizzard|p1b: Hydrapple|[spread] p1a,p1b\n|-resisted|p1a: Ninetales\n|-supereffective|p1b: Hydrapple\n|-damage|p1a: Ninetales|41/100\n|-damage|p1b: Hydrapple|0 fnt\n|faint|p1b: Hydrapple\n|move|p1a: Ninetales|Draining Kiss|p2b: Milotic\n|-supereffective|p2b: Milotic\n|-damage|p2b: Milotic|10/100\n|-heal|p1a: Ninetales|64/100|[from] drain|[of] p2b: Milotic\n|\n|-weather|Snow|[upkeep]\n|-heal|p2b: Milotic|16/100|[from] item: Leftovers\n|upkeep\n|\n|t:|1735734440\n|switch|p1b: Spiritomb|Spiritomb, L50, F, shiny|65/100\n|turn|5\n|\n|t:|1735734460\n|move|p1b: Spiritomb|Ally Switch|p1b: Spiritomb\n|swap|p1b: Spiritomb|0|[from] move: Ally Switch\n|move|p2a: Politoed|Encore|p1a: Spiritomb\n|-start|p1a: Spiritomb|Encore\n|-enditem|p1a: Spiritomb|Mental Herb\n|-end|p1a: Spiritomb|Encore\n|move|p2b: Milotic|Recover|p2b: Milotic\n|-heal|p2b: Milotic|66/100\n|move|p1b: Ninetales|Draining Kiss|p2b: Milotic\n|-supereffective|p2b: Milotic\n|-crit|p2b: Milotic\n|-damage|p2b: Milotic|20/100\n|-heal|p1b: Ninetales|100/100|[from] drain|[of] p2b: Milotic\n|\n|-weather|none\n|-heal|p2b: Milotic|26/100|[from] item: Leftovers\n|-fieldend|move: Trick Room\n|upkeep\n|turn|6\n|\n|t:|1735734481\n|switch|p2b: Toxicroak|Toxicroak, L50, M|100/100\n|move|p1b: Ninetales|Draining Kiss|p2b: Toxicroak\n|-damage|p2b: Toxicroak|70/100\n|move|p2a: Politoed|Encore|p1a: Spiritomb\n|-start|p1a: Spiritomb|Encore\n|move|p1a: Spiritomb|Ally Switch||[still]\n|-fail|p1a: Spiritomb\n|\n|-sideend|p1: Gimme_KO's|move: Aurora Veil\n|upkeep\n|turn|7\n|inactive|Gimme_KO's has 30 seconds left.\n|inactive|sobanNINJA has 30 seconds left.\n|inactive|sobanNINJA has 20 seconds left.\n|c|\u2606sobanNINJA|!dt ally switch\n|raw|<ul class=\"utilichart\"><li class=\"result\"><span class=\"col movenamecol\"><a href=\"https://dex.pokemonshowdown.com/moves/allyswitch\">Ally Switch</a></span> <span class=\"col typecol\"><img src=\"//play.pokemonshowdown.com/sprites/types/Psychic.png\" alt=\"Psychic\" width=\"32\" height=\"14\"><img src=\"//play.pokemonshowdown.com/sprites/categories/Status.png\" alt=\"Status\" width=\"32\" height=\"14\"></span> <span class=\"col widelabelcol\"><em>Accuracy</em><br>\u2014</span> <span class=\"col pplabelcol\"><em>PP</em><br>24</span> <span class=\"col movedesccol\">User and ally swap positions; using again can fail.</span> </li><li style=\"clear:both\"></li></ul>\n|raw|<font size=\"1\"><font color=\"#686868\">Priority:</font> 2&nbsp;|&ThickSpace;<font color=\"#686868\">Gen:</font> 5&nbsp;|&ThickSpace;<font color=\"#686868\">Z-Effect:</font>  Speed +2&nbsp;|&ThickSpace;<font color=\"#686868\">Target:</font> User</font>\n\n|inactive|sobanNINJA has 15 seconds left.\n|inactive|sobanNINJA has 10 seconds left.\n|inactive|sobanNINJA has 5 seconds left.\n|\n|t:|1735734538\n|switch|p1b: LUNAAAA|Ursaluna-Bloodmoon, L50, M|100/100\n|move|p2a: Politoed|Helping Hand|p2b: Toxicroak\n|-singleturn|p2b: Toxicroak|Helping Hand|[of] p2a: Politoed\n|move|p1a: Spiritomb|Ally Switch|p1a: Spiritomb\n|swap|p1a: Spiritomb|1|[from] move: Ally Switch\n|move|p2b: Toxicroak|Gunk Shot|p1a: LUNAAAA\n|-resisted|p1a: LUNAAAA\n|-damage|p1a: LUNAAAA|71/100\n|\n|upkeep\n|turn|8\n|\n|t:|1735734560\n|switch|p1b: Ninetales|Ninetales-Alola, L50, M|100/100\n|-weather|Snow|[from] ability: Snow Warning|[of] p1b: Ninetales\n|move|p2b: Toxicroak|Protect|p2b: Toxicroak\n|-singleturn|p2b: Toxicroak|Protect\n|move|p2a: Politoed|Protect|p2a: Politoed\n|-singleturn|p2a: Politoed|Protect\n|move|p1a: LUNAAAA|Calm Mind|p1a: LUNAAAA\n|-boost|p1a: LUNAAAA|spa|1\n|-boost|p1a: LUNAAAA|spd|1\n|\n|-weather|Snow|[upkeep]\n|upkeep\n|turn|9\n|\n|t:|1735734581\n|switch|p1b: Spiritomb|Spiritomb, L50, F, shiny|65/100\n|move|p2b: Toxicroak|Gunk Shot|p1b: Spiritomb|[miss]\n|-miss|p2b: Toxicroak|p1b: Spiritomb\n|move|p2a: Politoed|Encore|p1a: LUNAAAA\n|-start|p1a: LUNAAAA|Encore\n|move|p1a: LUNAAAA|Calm Mind|p1a: LUNAAAA\n|-boost|p1a: LUNAAAA|spa|1\n|-boost|p1a: LUNAAAA|spd|1\n|\n|-weather|Snow|[upkeep]\n|upkeep\n|turn|10\n|inactive|sobanNINJA has 30 seconds left.\n|\n|t:|1735734608\n|move|p2a: Politoed|Helping Hand|p2b: Toxicroak\n|-singleturn|p2b: Toxicroak|Helping Hand|[of] p2a: Politoed\n|move|p1b: Spiritomb|Ally Switch|p1b: Spiritomb\n|swap|p1b: Spiritomb|0|[from] move: Ally Switch\n|move|p2b: Toxicroak|Gunk Shot|p1b: LUNAAAA|[miss]\n|-miss|p2b: Toxicroak|p1b: LUNAAAA\n|move|p1b: LUNAAAA|Calm Mind|p1b: LUNAAAA\n|-boost|p1b: LUNAAAA|spa|1\n|-boost|p1b: LUNAAAA|spd|1\n|\n|-weather|Snow|[upkeep]\n|upkeep\n|turn|11\n|\n|t:|1735734622\n|move|p2b: Toxicroak|Close Combat|p1b: LUNAAAA\n|-supereffective|p1b: LUNAAAA\n|-damage|p1b: LUNAAAA|0 fnt\n|-unboost|p2b: Toxicroak|def|1\n|-unboost|p2b: Toxicroak|spd|1\n|faint|p1b: LUNAAAA\n|move|p2a: Politoed|Encore|p1a: Spiritomb\n|-start|p1a: Spiritomb|Encore\n|move|p1a: Spiritomb|Ally Switch||[still]\n|-fail|p1a: Spiritomb\n|\n|-weather|Snow|[upkeep]\n|upkeep\n|\n|t:|1735734626\n|switch|p1b: Ninetales|Ninetales-Alola, L50, M|100/100\n|turn|12\n|inactive|Gimme_KO's has 30 seconds left.\n|\n|t:|1735734652\n|move|p1a: Spiritomb|Ally Switch|p1a: Spiritomb\n|swap|p1a: Spiritomb|1|[from] move: Ally Switch\n|move|p2b: Toxicroak|Gunk Shot|p1a: Ninetales\n|-supereffective|p1a: Ninetales\n|-enditem|p1a: Ninetales|Focus Sash\n|-damage|p1a: Ninetales|1/100\n|move|p1a: Ninetales|Aurora Veil|p1a: Ninetales\n|-sidestart|p1: Gimme_KO's|move: Aurora Veil\n|move|p2a: Politoed|Encore|p1a: Ninetales\n|-start|p1a: Ninetales|Encore\n|\n|-weather|none\n|upkeep\n|turn|13\n|-message|Gimme_KO's forfeited.\n|\n|win|sobanNINJA\n|raw|Gimme_KO&apos;s's rating: 1272 &rarr; <strong>1243</strong><br />(-29 for losing)\n|raw|sobanNINJA's rating: 1222 &rarr; <strong>1251</strong><br />(+29 for winning)\n|l|\u2606Gimme_KO's\n|player|p1|\n|l|\u2606sobanNINJA\n|player|p2|\n",
  "uploadtime": 1735735033,
  "views": 22,
  "formatid": "gen9vgc2024regh",
  "rating": 1243,
  "private": 0,
  "password": null
}