{
  "id": "gen9vgc2024regh-2273226407",
  "format": "[Gen 9] VGC 2024 Reg H",
  "players": [
    "gdoppiov",
    "shihevixe3"
  ],
  "log": "|j|\u2606gdoppiov\n|j|\u2606shihevixe3\n|t:|1735752730\n|gametype|doubles\n|player|p1|gdoppiov|102|1462\n|player|p2|shihevixe3|palmer|1569\n|teamsize|p1|6\n|teamsize|p2|6\n|gen|9\n|tier|[Gen 9] VGC 2024 Reg H\n|rated|\n|rule|Species Clause: Limit one of each Pok\u00e9mon\n|rule|Item Clause: Limit 1 of each item\n|clearpoke\n|poke|p1|Archaludon, L50, M|\n|poke|p1|Annihilape, L50, F|\n|poke|p1|Murkrow, L50, M|\n|poke|p1|Maushold-Four, L50|\n|poke|p1|Volcarona, L50, F|\n|poke|p1|Primarina, L50, F|\n|poke|p2|Pelipper, L50, M|\n|poke|p2|Annihilape, L50, F|\n|poke|p2|Archaludon, L50, F|\n|poke|p2|Sinistcha-Masterpiece, L50|\n|poke|p2|Grimmsnarl, L50, M|\n|poke|p2|Ursaluna, L50, M|\n|teampreview|4\n|\n|t:|1735752791\n|start\n|switch|p1a: Maushold|Maushold-Four, L50|100/100\n|switch|p1b: Archaludon|Archaludon, L50, M|100/100\n|switch|p2a: Pelipper|Pelipper, L50, M|100/100\n|switch|p2b: Archaludon|Archaludon, L50, F|100/100\n|-weather|RainDance|[from] ability: Drizzle|[of] p2a: Pelipper\n|turn|1\n|\n|t:|1735752815\n|switch|p2a: Annihilape|Annihilape, L50, F|100/100\n|move|p1a: Maushold|Beat Up|p1b: Archaludon\n|-damage|p1b: Archaludon|99/100\n|-ability|p1b: Archaludon|Stamina|boost\n|-boost|p1b: Archaludon|def|1\n|-damage|p1b: Archaludon|98/100\n|-ability|p1b: Archaludon|Stamina|boost\n|-boost|p1b: Archaludon|def|1\n|-damage|p1b: Archaludon|97/100\n|-ability|p1b: Archaludon|Stamina|boost\n|-boost|p1b: Archaludon|def|1\n|-damage|p1b: Archaludon|97/100\n|-ability|p1b: Archaludon|Stamina|boost\n|-boost|p1b: Archaludon|def|1\n|-hitcount|p1b: Archaludon|4\n|move|p2b: Archaludon|Electro Shot||[still]\n|-prepare|p2b: Archaludon|Electro Shot\n|-boost|p2b: Archaludon|spa|1\n|-anim|p2b: Archaludon|Electro Shot|p1a: Maushold\n|-damage|p1a: Maushold|46/100\n|move|p1b: Archaludon|Electro Shot||[still]\n|-prepare|p1b: Archaludon|Electro Shot\n|-boost|p1b: Archaludon|spa|1\n|-anim|p1b: Archaludon|Electro Shot|p2a: Annihilape\n|-damage|p2a: Annihilape|38/100\n|\n|-weather|RainDance|[upkeep]\n|upkeep\n|turn|2\n|\n|t:|1735752844\n|move|p1a: Maushold|Follow Me|p1a: Maushold\n|-singleturn|p1a: Maushold|move: Follow Me\n|move|p2a: Annihilape|U-turn|p1a: Maushold\n|-damage|p1a: Maushold|23/100\n|\n|t:|1735752851\n|switch|p2a: Sinistcha|Sinistcha-Masterpiece, L50, shiny|100/100|[from] U-turn\n|move|p2b: Archaludon|Electro Shot||[still]\n|-prepare|p2b: Archaludon|Electro Shot\n|-boost|p2b: Archaludon|spa|1\n|-anim|p2b: Archaludon|Electro Shot|p1a: Maushold\n|-damage|p1a: Maushold|0 fnt\n|faint|p1a: Maushold\n|move|p1b: Archaludon|Electro Shot||[still]\n|-prepare|p1b: Archaludon|Electro Shot\n|-boost|p1b: Archaludon|spa|1\n|-anim|p1b: Archaludon|Electro Shot|p2a: Sinistcha\n|-resisted|p2a: Sinistcha\n|-damage|p2a: Sinistcha|54/100\n|\n|-weather|RainDance|[upkeep]\n|upkeep\n|\n|t:|1735752870\n|switch|p1a: Annihilape|Annihilape, L50, F|100/100\n|turn|3\n|\n|t:|1735752882\n|move|p1a: Annihilape|Protect|p1a: Annihilape\n|-singleturn|p1a: Annihilape|Protect\n|move|p2a: Sinistcha|Rage Powder|p2a: Sinistcha\n|-singleturn|p2a: Sinistcha|move: Rage Powder\n|move|p2b: Archaludon|Electro Shot||[still]\n|-prepare|p2b: Archaludon|Electro Shot\n|-boost|p2b: Archaludon|spa|1\n|-anim|p2b: Archaludon|Electro Shot|p1a: Annihilape\n|-activate|p1a: Annihilape|move: Protect\n|move|p1b: Archaludon|Body Press|p2a: Sinistcha\n|-immune|p2a: Sinistcha\n|\n|-weather|RainDance|[upkeep]\n|upkeep\n|turn|4\n|\n|t:|1735752910\n|move|p2a: Sinistcha|Rage Powder|p2a: Sinistcha\n|-singleturn|p2a: Sinistcha|move: Rage Powder\n|move|p1a: Annihilape|Rage Fist|p2a: Sinistcha\n|-supereffective|p2a: Sinistcha\n|-damage|p2a: Sinistcha|20/100\n|-enditem|p2a: Sinistcha|Sitrus Berry|[eat]\n|-heal|p2a: Sinistcha|45/100|[from] item: Sitrus Berry\n|move|p2b: Archaludon|Electro Shot||[still]\n|-prepare|p2b: Archaludon|Electro Shot\n|-boost|p2b: Archaludon|spa|1\n|-anim|p2b: Archaludon|Electro Shot|p1a: Annihilape\n|-damage|p1a: Annihilape|16/100\n|move|p1b: Archaludon|Electro Shot||[still]\n|-prepare|p1b: Archaludon|Electro Shot\n|-boost|p1b: Archaludon|spa|1\n|-anim|p1b: Archaludon|Electro Shot|p2a: Sinistcha\n|-resisted|p2a: Sinistcha\n|-damage|p2a: Sinistcha|0 fnt\n|faint|p2a: Sinistcha\n|\n|-weather|RainDance|[upkeep]\n|-heal|p1a: Annihilape|21/100|[from] item: Leftovers\n|upkeep\n|\n|t:|1735752922\n|switch|p2a: Pelipper|Pelipper, L50, M|100/100\n|turn|5\n|\n|t:|1735752935\n|-terastallize|p2b: Archaludon|Fighting\n|move|p1a: Annihilape|Protect|p1a: Annihilape\n|-singleturn|p1a: Annihilape|Protect\n|move|p2a: Pelipper|Tailwind|p2a: Pelipper\n|-sidestart|p2: shihevixe3|move: Tailwind\n|move|p2b: Archaludon|Electro Shot||[still]\n|-prepare|p2b: Archaludon|Electro Shot\n|-boost|p2b: Archaludon|spa|1\n|-anim|p2b: Archaludon|Electro Shot|p1b: Archaludon\n|-resisted|p1b: Archaludon\n|-crit|p1b: Archaludon\n|-damage|p1b: Archaludon|32/100\n|-ability|p1b: Archaludon|Stamina|boost\n|-boost|p1b: Archaludon|def|1\n|move|p1b: Archaludon|Body Press|p2b: Archaludon\n|-damage|p2b: Archaludon|42/100\n|-ability|p2b: Archaludon|Stamina|boost\n|-boost|p2b: Archaludon|def|1\n|\n|-weather|none\n|-heal|p1a: Annihilape|27/100|[from] item: Leftovers\n|upkeep\n|turn|6\n|\n|t:|1735752987\n|switch|p2a: Annihilape|Annihilape, L50, F|38/100\n|move|p2b: Archaludon|Snarl|p1a: Annihilape|[spread] p1a,p1b\n|-damage|p1a: Annihilape|0 fnt\n|-damage|p1b: Archaludon|2/100\n|-unboost|p1b: Archaludon|spa|1\n|-ability|p1b: Archaludon|Stamina|boost\n|-boost|p1b: Archaludon|def|1\n|faint|p1a: Annihilape\n|move|p1b: Archaludon|Draco Meteor|p2b: Archaludon\n|-damage|p2b: Archaludon|0 fnt\n|-unboost|p1b: Archaludon|spa|2\n|faint|p2b: Archaludon\n|\n|upkeep\n|j| Analytics Director\n|\n|t:|1735753002\n|switch|p1a: Primarina|Primarina, L50, F|100/100\n|switch|p2b: Pelipper|Pelipper, L50, M|100/100\n|-weather|RainDance|[from] ability: Drizzle|[of] p2b: Pelipper\n|turn|7\n|\n|t:|1735753039\n|-terastallize|p1a: Primarina|Water\n|move|p2a: Annihilape|Shadow Claw|p1b: Archaludon\n|-damage|p1b: Archaludon|0 fnt\n|faint|p1b: Archaludon\n|move|p2b: Pelipper|Hurricane|p1a: Primarina\n|-damage|p1a: Primarina|58/100\n|move|p1a: Primarina|Hyper Voice|p2a: Annihilape|[spread] p2a,p2b\n|-resisted|p2b: Pelipper\n|-damage|p2a: Annihilape|0 fnt\n|-damage|p2b: Pelipper|34/100\n|faint|p2a: Annihilape\n|-enditem|p1a: Primarina|Throat Spray\n|-boost|p1a: Primarina|spa|1|[from] item: Throat Spray\n|\n|-weather|RainDance|[upkeep]\n|upkeep\n|turn|8\n|\n|t:|1735753059\n|move|p2b: Pelipper|Hurricane|p1a: Primarina\n|-damage|p1a: Primarina|12/100\n|move|p1a: Primarina|Weather Ball|p2b: Pelipper\n|-resisted|p2b: Pelipper\n|-damage|p2b: Pelipper|0 fnt\n|faint|p2b: Pelipper\n|\n|win|gdoppiov\n|raw|gdoppiov's rating: 1462 &rarr; <strong>1488</strong><br />(+26 for winning)\n|raw|shihevixe3's rating: 1569 &rarr; <strong>1543</strong><br />(-26 for losing)\n|l|\u2606gdoppiov\n|player|p1|\n|l|\u2606shihevixe3\n|player|p2|\n|l| Analytics Director\n",
  "uploadtime": 1735753455,
  "views": 356,
  "formatid": "gen9vgc2024regh",
  "rating": 1488,
  "private": 0,
  "password": null
}