{
  "id": "gen9vgc2024regh-2273182372",
  "format": "[Gen 9] VGC 2024 Reg H",
  "players": [
    "Semiau",
    "CEExy"
  ],
  "log": "|j|\u2606Semiau\n|j|\u2606CEExy\n|t:|1735746347\n|gametype|doubles\n|player|p1|Semiau|101|1381\n|player|p2|CEExy|2|1386\n|teamsize|p1|6\n|teamsize|p2|6\n|gen|9\n|tier|[Gen 9] VGC 2024 Reg H\n|rated|\n|rule|Species Clause: Limit one of each Pok\u00e9mon\n|rule|Item Clause: Limit 1 of each item\n|clearpoke\n|poke|p1|Pelipper, L50, M|\n|poke|p1|Basculegion-F, L50, F|\n|poke|p1|Archaludon, L50, M|\n|poke|p1|Rillaboom, L50, F|\n|poke|p1|Annihilape, L50, M|\n|poke|p1|Maushold-Four, L50|\n|poke|p2|Incineroar, L50, F|\n|poke|p2|Sneasler, L50, M|\n|poke|p2|Indeedee, L50, M|\n|poke|p2|Ursaluna-Bloodmoon, L50, M|\n|poke|p2|Electabuzz, L50, F|\n|poke|p2|Talonflame, L50, F|\n|teampreview|4\n|\n|t:|1735746363\n|start\n|switch|p1a: Basculegion|Basculegion-F, L50, F|100/100\n|switch|p1b: Maushold|Maushold-Four, L50|100/100\n|switch|p2a: Indeedee|Indeedee, L50, M|100/100\n|switch|p2b: Sneasler|Sneasler, L50, M|100/100\n|-fieldstart|move: Psychic Terrain|[from] ability: Psychic Surge|[of] p2a: Indeedee\n|-enditem|p2b: Sneasler|Psychic Seed\n|-boost|p2b: Sneasler|spd|1|[from] item: Psychic Seed\n|turn|1\n|\n|t:|1735746404\n|switch|p1a: Rillaboom|Rillaboom, L50, F|100/100\n|-fieldstart|move: Grassy Terrain|[from] ability: Grassy Surge|[of] p1a: Rillaboom\n|-terastallize|p2b: Sneasler|Dark\n|-terastallize|p1b: Maushold|Ghost\n|move|p2b: Sneasler|Close Combat|p1b: Maushold\n|-immune|p1b: Maushold\n|move|p1b: Maushold|Super Fang|p2b: Sneasler\n|-damage|p2b: Sneasler|51/100\n|move|p2a: Indeedee|Expanding Force|p1b: Maushold\n|-damage|p1b: Maushold|56/100\n|\n|-heal|p2b: Sneasler|57/100|[from] Grassy Terrain\n|-heal|p1b: Maushold|62/100|[from] Grassy Terrain\n|upkeep\n|turn|2\n|\n|t:|1735746430\n|switch|p2a: Incineroar|Incineroar, L50, F|100/100\n|-ability|p2a: Incineroar|Intimidate|boost\n|-unboost|p1a: Rillaboom|atk|1\n|-unboost|p1b: Maushold|atk|1\n|move|p2b: Sneasler|Protect|p2b: Sneasler\n|-singleturn|p2b: Sneasler|Protect\n|move|p1a: Rillaboom|Grassy Glide|p2b: Sneasler\n|-activate|p2b: Sneasler|move: Protect\n|move|p1b: Maushold|Super Fang|p2a: Incineroar\n|-damage|p2a: Incineroar|50/100\n|\n|-heal|p2b: Sneasler|62/100|[from] Grassy Terrain\n|-heal|p1b: Maushold|68/100|[from] Grassy Terrain\n|-heal|p2a: Incineroar|57/100|[from] Grassy Terrain\n|upkeep\n|turn|3\n|inactive|Battle timer is ON: inactive players will automatically lose when time's up. (requested by CEExy)\n|inactive|Semiau has 60 seconds left.\n|inactive|Semiau has 30 seconds left.\n|inactive|Semiau has 20 seconds left.\n|inactive|Semiau has 15 seconds left.\n|inactive|Semiau has 10 seconds left.\n|inactive|Semiau has 5 seconds left.\n|\n|t:|1735746598\n|move|p2a: Incineroar|Fake Out|p1a: Rillaboom\n|-damage|p1a: Rillaboom|92/100\n|move|p1b: Maushold|Follow Me|p1b: Maushold\n|-singleturn|p1b: Maushold|move: Follow Me\n|move|p2b: Sneasler|Throat Chop|p1b: Maushold\n|-supereffective|p1b: Maushold\n|-damage|p1b: Maushold|0 fnt\n|faint|p1b: Maushold\n|cant|p1a: Rillaboom|flinch\n|\n|-heal|p2b: Sneasler|68/100|[from] Grassy Terrain\n|-heal|p1a: Rillaboom|98/100|[from] Grassy Terrain\n|-heal|p2a: Incineroar|63/100|[from] Grassy Terrain\n|upkeep\n|inactive|Semiau has 30 seconds left.\n|inactive|Semiau has 20 seconds left.\n|inactive|Semiau has 15 seconds left.\n|inactive|Semiau has 10 seconds left.\n|inactive|Semiau has 5 seconds left.\n|\n|t:|1735746653\n|switch|p1b: Basculegion|Basculegion-F, L50, F|100/100\n|turn|4\n|inactive|Semiau has 30 seconds left.\n|inactive|Semiau has 20 seconds left.\n|inactive|Semiau has 15 seconds left.\n|inactive|Semiau has 10 seconds left.\n|inactive|Semiau has 5 seconds left.\n|\n|t:|1735746708\n|switch|p2b: Indeedee|Indeedee, L50, M|100/100\n|-fieldstart|move: Psychic Terrain|[from] ability: Psychic Surge|[of] p2b: Indeedee\n|move|p1b: Basculegion|Muddy Water|p2b: Indeedee|[spread] p2a,p2b\n|-supereffective|p2a: Incineroar\n|-damage|p2a: Incineroar|0 fnt\n|-damage|p2b: Indeedee|59/100\n|faint|p2a: Incineroar\n|move|p1a: Rillaboom|U-turn|p2b: Indeedee\n|-supereffective|p2b: Indeedee\n|-damage|p2b: Indeedee|0 fnt\n|faint|p2b: Indeedee\n|inactive|Semiau has 30 seconds left.\n|inactive|Semiau has 20 seconds left.\n|inactive|Semiau has 15 seconds left.\n|inactive|Semiau has 10 seconds left.\n|inactive|Semiau has 5 seconds left.\n|\n|t:|1735746763\n|switch|p1a: Archaludon|Archaludon, L50, M|100/100|[from] U-turn\n|\n|upkeep\n|\n|t:|1735746779\n|switch|p2b: Ursaluna|Ursaluna-Bloodmoon, L50, M|100/100\n|switch|p2a: Sneasler|Sneasler, L50, M, tera:Dark|68/100\n|turn|5\n|inactive|Semiau has 30 seconds left.\n|inactive|Semiau has 20 seconds left.\n|inactive|Semiau has 15 seconds left.\n|inactive|Semiau has 10 seconds left.\n|inactive|Semiau has 5 seconds left.\n|\n|t:|1735746834\n|move|p2a: Sneasler|Close Combat|p1a: Archaludon\n|-supereffective|p1a: Archaludon\n|-damage|p1a: Archaludon|2/100\n|-unboost|p2a: Sneasler|def|1\n|-unboost|p2a: Sneasler|spd|1\n|-ability|p1a: Archaludon|Stamina|boost\n|-boost|p1a: Archaludon|def|1\n|-enditem|p1a: Archaludon|Aguav Berry|[eat]\n|-heal|p1a: Archaludon|35/100|[from] item: Aguav Berry\n|move|p1b: Basculegion|Muddy Water|p2b: Ursaluna|[spread] p2a,p2b\n|-supereffective|p2b: Ursaluna\n|-damage|p2a: Sneasler|0 fnt\n|-damage|p2b: Ursaluna|14/100\n|faint|p2a: Sneasler\n|move|p2b: Ursaluna|Blood Moon|p1b: Basculegion\n|-damage|p1b: Basculegion|0 fnt\n|faint|p1b: Basculegion\n|-damage|p2b: Ursaluna|4/100|[from] item: Life Orb\n|move|p1a: Archaludon|Body Press|p2b: Ursaluna\n|-supereffective|p2b: Ursaluna\n|-damage|p2b: Ursaluna|0 fnt\n|faint|p2b: Ursaluna\n|\n|win|Semiau\n|raw|Semiau's rating: 1381 &rarr; <strong>1401</strong><br />(+20 for winning)\n|raw|CEExy's rating: 1386 &rarr; <strong>1366</strong><br />(-20 for losing)\n|l|\u2606CEExy\n|player|p2|\n",
  "uploadtime": 1735747227,
  "views": 137,
  "formatid": "gen9vgc2024regh",
  "rating": 1366,
  "private": 0,
  "password": null
}