{
  "id": "gen9vgc2024regh-2273215377",
  "format": "[Gen 9] VGC 2024 Reg H",
  "players": [
    "Oricorio warrior",
    "Bell24"
  ],
  "log": "|j|\u2606Oricorio warrior\n|j|\u2606Bell24\n|t:|1735751195\n|gametype|doubles\n|player|p1|Oricorio warrior|170|1251\n|player|p2|Bell24|2|1139\n|teamsize|p1|6\n|teamsize|p2|6\n|gen|9\n|tier|[Gen 9] VGC 2024 Reg H\n|rated|\n|rule|Species Clause: Limit one of each Pok\u00e9mon\n|rule|Item Clause: Limit 1 of each item\n|clearpoke\n|poke|p1|Whimsicott, L50, F|\n|poke|p1|Typhlosion-Hisui, L50, M|\n|poke|p1|Torkoal, L50, M|\n|poke|p1|Lilligant-Hisui, L50, F|\n|poke|p1|Clefable, L50, M|\n|poke|p1|Mienshao, L50, M|\n|poke|p2|Incineroar, L50, M|\n|poke|p2|Sceptile, L50, M|\n|poke|p2|Garchomp, L50, M|\n|poke|p2|Gyarados, L50, F|\n|poke|p2|Jolteon, L50, F|\n|poke|p2|Sylveon, L50, F|\n|teampreview|4\n|\n|t:|1735751211\n|start\n|switch|p1a: Torkoal|Torkoal, L50, M|100/100\n|switch|p1b: Lilligant|Lilligant-Hisui, L50, F|100/100\n|switch|p2a: Incineroar|Incineroar, L50, M|100/100\n|switch|p2b: Garchomp|Garchomp, L50, M|100/100\n|-ability|p2a: Incineroar|Intimidate|boost\n|-unboost|p1a: Torkoal|atk|1\n|-unboost|p1b: Lilligant|atk|1\n|-weather|SunnyDay|[from] ability: Drought|[of] p1a: Torkoal\n|turn|1\n|\n|t:|1735751241\n|move|p2a: Incineroar|Fake Out|p1b: Lilligant\n|-damage|p1b: Lilligant|83/100\n|cant|p1b: Lilligant|flinch\n|move|p2b: Garchomp|Stomping Tantrum|p1a: Torkoal\n|-supereffective|p1a: Torkoal\n|-damage|p1a: Torkoal|55/100\n|move|p1a: Torkoal|Eruption|p2b: Garchomp|[spread] p2a,p2b\n|-resisted|p2a: Incineroar\n|-resisted|p2b: Garchomp\n|-damage|p2a: Incineroar|87/100\n|-damage|p2b: Garchomp|84/100\n|\n|-weather|SunnyDay|[upkeep]\n|upkeep\n|turn|2\n|\n|t:|1735751262\n|-terastallize|p2a: Incineroar|Grass\n|move|p1a: Torkoal|Protect|p1a: Torkoal\n|-singleturn|p1a: Torkoal|Protect\n|move|p1b: Lilligant|Solar Blade||[still]\n|-prepare|p1b: Lilligant|Solar Blade\n|-anim|p1b: Lilligant|Solar Blade|p2b: Garchomp\n|-damage|p2b: Garchomp|39/100\n|-damage|p1b: Lilligant|71/100|[from] ability: Rough Skin|[of] p2b: Garchomp\n|move|p2b: Garchomp|Earthquake|p1b: Lilligant|[spread] p2a,p1b\n|-activate|p1a: Torkoal|move: Protect\n|-resisted|p2a: Incineroar\n|-resisted|p1b: Lilligant\n|-damage|p2a: Incineroar|70/100\n|-damage|p1b: Lilligant|40/100\n|move|p2a: Incineroar|Knock Off|p1a: Torkoal\n|-activate|p1a: Torkoal|move: Protect\n|\n|-weather|SunnyDay|[upkeep]\n|upkeep\n|turn|3\n|\n|t:|1735751287\n|move|p2b: Garchomp|Protect|p2b: Garchomp\n|-singleturn|p2b: Garchomp|Protect\n|move|p1b: Lilligant|After You|p1a: Torkoal\n|-activate|p1a: Torkoal|move: After You\n|move|p1a: Torkoal|Eruption|p2b: Garchomp|[spread] p2a\n|-activate|p2b: Garchomp|move: Protect\n|-supereffective|p2a: Incineroar\n|-crit|p2a: Incineroar\n|-damage|p2a: Incineroar|0 fnt\n|faint|p2a: Incineroar\n|\n|-weather|SunnyDay|[upkeep]\n|upkeep\n|\n|t:|1735751301\n|switch|p2a: Gyarados|Gyarados, L50, F|100/100\n|-ability|p2a: Gyarados|Intimidate|boost\n|-unboost|p1a: Torkoal|atk|1\n|-unboost|p1b: Lilligant|atk|1\n|turn|4\n|\n|t:|1735751322\n|switch|p1b: Mienshao|Mienshao, L50, M|100/100\n|move|p1a: Torkoal|Protect|p1a: Torkoal\n|-singleturn|p1a: Torkoal|Protect\n|move|p2b: Garchomp|Dragon Claw|p1b: Mienshao\n|-damage|p1b: Mienshao|25/100\n|move|p2a: Gyarados|Waterfall|p1a: Torkoal\n|-activate|p1a: Torkoal|move: Protect\n|\n|-weather|SunnyDay|[upkeep]\n|upkeep\n|turn|5\n|\n|t:|1735751341\n|move|p2b: Garchomp|Protect|p2b: Garchomp\n|-singleturn|p2b: Garchomp|Protect\n|move|p2a: Gyarados|Protect|p2a: Gyarados\n|-singleturn|p2a: Gyarados|Protect\n|move|p1b: Mienshao|Wide Guard|p1b: Mienshao\n|-singleturn|p1b: Mienshao|Wide Guard\n|move|p1a: Torkoal|Eruption|p2a: Gyarados|[spread] \n|-activate|p2a: Gyarados|move: Protect\n|-activate|p2b: Garchomp|move: Protect\n|\n|-weather|SunnyDay|[upkeep]\n|upkeep\n|turn|6\n|\n|t:|1735751360\n|move|p1b: Mienshao|Close Combat|p2a: Gyarados\n|-resisted|p2a: Gyarados\n|-damage|p2a: Gyarados|62/100\n|-unboost|p1b: Mienshao|def|1\n|-unboost|p1b: Mienshao|spd|1\n|-damage|p1b: Mienshao|15/100|[from] item: Life Orb\n|move|p2b: Garchomp|Dragon Claw|p1b: Mienshao\n|-damage|p1b: Mienshao|0 fnt\n|faint|p1b: Mienshao\n|move|p2a: Gyarados|Waterfall|p1a: Torkoal\n|-supereffective|p1a: Torkoal\n|-damage|p1a: Torkoal|34/100\n|move|p1a: Torkoal|Eruption|p2b: Garchomp|[spread] p2a,p2b\n|-resisted|p2a: Gyarados\n|-resisted|p2b: Garchomp\n|-damage|p2a: Gyarados|55/100\n|-damage|p2b: Garchomp|29/100\n|\n|-weather|SunnyDay|[upkeep]\n|-heal|p2a: Gyarados|61/100|[from] item: Leftovers\n|upkeep\n|\n|t:|1735751377\n|switch|p1b: Typhlosion|Typhlosion-Hisui, L50, M|100/100\n|turn|7\n|\n|t:|1735751394\n|-terastallize|p1b: Typhlosion|Fire\n|move|p1a: Torkoal|Helping Hand|p1b: Typhlosion\n|-singleturn|p1b: Typhlosion|Helping Hand|[of] p1a: Torkoal\n|move|p2a: Gyarados|Protect|p2a: Gyarados\n|-singleturn|p2a: Gyarados|Protect\n|move|p2b: Garchomp|Earthquake|p1b: Typhlosion|[spread] p1a,p1b\n|-activate|p2a: Gyarados|move: Protect\n|-supereffective|p1a: Torkoal\n|-supereffective|p1b: Typhlosion\n|-damage|p1a: Torkoal|0 fnt\n|-damage|p1b: Typhlosion|0 fnt\n|faint|p1a: Torkoal\n|faint|p1b: Typhlosion\n|\n|-weather|SunnyDay|[upkeep]\n|-heal|p2a: Gyarados|67/100|[from] item: Leftovers\n|upkeep\n|\n|t:|1735751409\n|switch|p1b: Lilligant|Lilligant-Hisui, L50, F|40/100\n|turn|8\n|-message|Oricorio warrior forfeited.\n|\n|win|Bell24\n|raw|Oricorio warrior's rating: 1251 &rarr; <strong>1218</strong><br />(-33 for losing)\n|raw|Bell24's rating: 1139 &rarr; <strong>1172</strong><br />(+33 for winning)\n|l|\u2606Oricorio warrior\n|player|p1|\n|l|\u2606Bell24\n|player|p2|\n",
  "uploadtime": 1735751797,
  "views": 338,
  "formatid": "gen9vgc2024regh",
  "rating": 1172,
  "private": 0,
  "password": null
}