{
  "id": "gen9vgc2024regh-2273133263",
  "format": "[Gen 9] VGC 2024 Reg H",
  "players": [
    "lapokenostra",
    "fivionxito"
  ],
  "log": "|j|\u2606lapokenostra\n|j|\u2606fivionxito\n|t:|1735737625\n|gametype|doubles\n|player|p1|lapokenostra|266|1108\n|player|p2|fivionxito|hilbert|1114\n|teamsize|p1|6\n|teamsize|p2|6\n|gen|9\n|tier|[Gen 9] VGC 2024 Reg H\n|rated|\n|rule|Species Clause: Limit one of each Pok\u00e9mon\n|rule|Item Clause: Limit 1 of each item\n|clearpoke\n|poke|p1|Sinistcha-Masterpiece, L50|\n|poke|p1|Dragonite, L50, F|\n|poke|p1|Incineroar, L50, F|\n|poke|p1|Ursaluna, L50, M|\n|poke|p1|Archaludon, L50, M|\n|poke|p1|Pelipper, L50, F|\n|poke|p2|Veluza, L50, F|\n|poke|p2|Ceruledge, L50, F|\n|poke|p2|Serperior, L50, F|\n|poke|p2|Klefki, L50, F|\n|poke|p2|Dachsbun, L50, F|\n|poke|p2|Espathra, L50, F|\n|teampreview|4\n|inactive|Battle timer is ON: inactive players will automatically lose when time's up. (requested by lapokenostra)\n|\n|t:|1735737652\n|start\n|switch|p1a: Incineroar|Incineroar, L50, F|100/100\n|switch|p1b: Archaludon|Archaludon, L50, M|100/100\n|switch|p2a: Veluza|Veluza, L50, F, shiny|100/100\n|switch|p2b: Klefki|Klefki, L50, F, shiny|100/100\n|-ability|p2a: Veluza|Mold Breaker\n|-ability|p1a: Incineroar|Intimidate|boost\n|-unboost|p2a: Veluza|atk|1\n|-unboost|p2b: Klefki|atk|1\n|turn|1\n|inactive|lapokenostra has 30 seconds left.\n|\n|t:|1735737683\n|-terastallize|p2a: Veluza|Ghost\n|move|p1a: Incineroar|Fake Out|p2b: Klefki\n|-resisted|p2b: Klefki\n|-damage|p2b: Klefki|95/100\n|cant|p2b: Klefki|flinch\n|move|p2a: Veluza|Final Gambit|p1b: Archaludon\n|-damage|p1b: Archaludon|0 fnt\n|faint|p2a: Veluza\n|faint|p1b: Archaludon\n|\n|upkeep\n|\n|t:|1735737699\n|switch|p2a: Dachsbun|Dachsbun, L50, F, shiny|100/100\n|switch|p1b: Dragonite|Dragonite, L50, F|100/100\n|turn|2\n|inactive|lapokenostra has 30 seconds left.\n|\n|t:|1735737726\n|switch|p1b: Ursaluna|Ursaluna, L50, M|100/100\n|switch|p2b: Ceruledge|Ceruledge, L50, F, shiny|100/100\n|move|p2a: Dachsbun|Protect|p2a: Dachsbun\n|-singleturn|p2a: Dachsbun|Protect\n|move|p1a: Incineroar|Parting Shot|p2a: Dachsbun\n|-activate|p2a: Dachsbun|move: Protect\n|\n|-status|p1b: Ursaluna|brn|[from] item: Flame Orb\n|upkeep\n|turn|3\n|inactive|lapokenostra has 30 seconds left.\n|inactive|lapokenostra has 20 seconds left.\n|\n|t:|1735737762\n|-terastallize|p1a: Incineroar|Ghost\n|move|p1a: Incineroar|Knock Off|p2b: Ceruledge\n|-supereffective|p2b: Ceruledge\n|-damage|p2b: Ceruledge|10/100\n|-enditem|p2b: Ceruledge|Clear Amulet|[from] move: Knock Off|[of] p1a: Incineroar\n|move|p2b: Ceruledge|Bitter Blade|p2a: Dachsbun\n|-ability|p2a: Dachsbun|Well-Baked Body|boost\n|-boost|p2a: Dachsbun|def|2\n|move|p2a: Dachsbun|Body Press|p1b: Ursaluna\n|-supereffective|p1b: Ursaluna\n|-damage|p1b: Ursaluna|28/100 brn\n|move|p1b: Ursaluna|Headlong Rush|p2b: Ceruledge\n|-supereffective|p2b: Ceruledge\n|-damage|p2b: Ceruledge|0 fnt\n|-unboost|p1b: Ursaluna|def|1\n|-unboost|p1b: Ursaluna|spd|1\n|faint|p2b: Ceruledge\n|\n|-damage|p1b: Ursaluna|22/100 brn|[from] brn\n|upkeep\n|\n|t:|1735737783\n|switch|p2b: Klefki|Klefki, L50, F, shiny|95/100\n|turn|4\n|inactive|lapokenostra has 30 seconds left.\n|inactive|fivionxito has 30 seconds left.\n|inactive|lapokenostra has 20 seconds left.\n|\n|t:|1735737820\n|move|p2b: Klefki|Reflect|p2b: Klefki\n|-sidestart|p2: fivionxito|Reflect\n|move|p1a: Incineroar|Flare Blitz|p2b: Klefki\n|-supereffective|p2b: Klefki\n|-damage|p2b: Klefki|29/100\n|-damage|p1a: Incineroar|82/100|[from] Recoil\n|move|p2a: Dachsbun|Body Press|p1b: Ursaluna\n|-supereffective|p1b: Ursaluna\n|-damage|p1b: Ursaluna|0 fnt\n|faint|p1b: Ursaluna\n|\n|upkeep\n|\n|t:|1735737829\n|switch|p1b: Dragonite|Dragonite, L50, F|100/100\n|turn|5\n|-message|lapokenostra forfeited.\n|\n|win|fivionxito\n|raw|lapokenostra's rating: 1108 &rarr; <strong>1083</strong><br />(-25 for losing)\n|raw|fivionxito's rating: 1114 &rarr; <strong>1139</strong><br />(+25 for winning)\n|l|\u2606lapokenostra\n|player|p1|\n|l|\u2606fivionxito\n|player|p2|\n",
  "uploadtime": 1735738228,
  "views": 18,
  "formatid": "gen9vgc2024regh",
  "rating": 1083,
  "private": 0,
  "password": null
}