{
  "id": "gen9vgc2024regh-2273146867",
  "format": "[Gen 9] VGC 2024 Reg H",
  "players": [
    "shihevixe3",
    "Popeye1"
  ],
  "log": "|j|\u2606shihevixe3\n|j|\u2606Popeye1\n|t:|1735740299\n|gametype|doubles\n|player|p1|shihevixe3|palmer|1516\n|player|p2|Popeye1|169|1493\n|teamsize|p1|6\n|teamsize|p2|6\n|gen|9\n|tier|[Gen 9] VGC 2024 Reg H\n|rated|\n|rule|Species Clause: Limit one of each Pok\u00e9mon\n|rule|Item Clause: Limit 1 of each item\n|clearpoke\n|poke|p1|Pelipper, L50, F|\n|poke|p1|Annihilape, L50, F|\n|poke|p1|Archaludon, L50, F|\n|poke|p1|Sinistcha-Masterpiece, L50|\n|poke|p1|Grimmsnarl, L50, M|\n|poke|p1|Ursaluna, L50, F|\n|poke|p2|Ceruledge, L50, F|\n|poke|p2|Amoonguss, L50, M|\n|poke|p2|Primarina, L50, M|\n|poke|p2|Corviknight, L50, M|\n|poke|p2|Garchomp, L50, M|\n|poke|p2|Gallade, L50, M|\n|teampreview|4\n|inactive|Battle timer is ON: inactive players will automatically lose when time's up. (requested by Popeye1)\nPopeye1 has agreed to open team sheets.\n|inactive|Popeye1 has 60 seconds left.\n|\n|t:|1735740348\n|start\n|switch|p1a: Pelipper|Pelipper, L50, F|100/100\n|switch|p1b: Archaludon|Archaludon, L50, F|100/100\n|switch|p2a: Primarina|Primarina, L50, M|100/100\n|switch|p2b: Amoonguss|Amoonguss, L50, M|100/100\n|-weather|RainDance|[from] ability: Drizzle|[of] p1a: Pelipper\n|turn|1\n|\n|t:|1735740365\n|-terastallize|p1a: Pelipper|Stellar\n|-terastallize|p2a: Primarina|Steel\n|move|p2b: Amoonguss|Protect|p2b: Amoonguss\n|-singleturn|p2b: Amoonguss|Protect\n|move|p1a: Pelipper|Hurricane|p2b: Amoonguss\n|-activate|p2b: Amoonguss|move: Protect\n|move|p1b: Archaludon|Electro Shot||[still]\n|-prepare|p1b: Archaludon|Electro Shot\n|-boost|p1b: Archaludon|spa|1\n|-anim|p1b: Archaludon|Electro Shot|p2b: Amoonguss\n|-activate|p2b: Amoonguss|move: Protect\n|move|p2a: Primarina|Dazzling Gleam|p1a: Pelipper|[spread] p1a,p1b\n|-damage|p1a: Pelipper|14/100\n|-damage|p1b: Archaludon|66/100\n|-ability|p1b: Archaludon|Stamina|boost\n|-boost|p1b: Archaludon|def|1\n|\n|-weather|RainDance|[upkeep]\n|upkeep\n|turn|2\n|\n|t:|1735740388\n|move|p1a: Pelipper|Protect|p1a: Pelipper\n|-singleturn|p1a: Pelipper|Protect\n|move|p2b: Amoonguss|Rage Powder|p2b: Amoonguss\n|-singleturn|p2b: Amoonguss|move: Rage Powder\n|move|p1b: Archaludon|Electro Shot||[still]\n|-prepare|p1b: Archaludon|Electro Shot\n|-boost|p1b: Archaludon|spa|1\n|-anim|p1b: Archaludon|Electro Shot|p2b: Amoonguss\n|-resisted|p2b: Amoonguss\n|-damage|p2b: Amoonguss|67/100\n|move|p2a: Primarina|Dazzling Gleam|p1a: Pelipper|[spread] p1b\n|-activate|p1a: Pelipper|move: Protect\n|-damage|p1b: Archaludon|35/100\n|-ability|p1b: Archaludon|Stamina|boost\n|-boost|p1b: Archaludon|def|1\n|\n|-weather|RainDance|[upkeep]\n|upkeep\n|turn|3\n|inactive|shihevixe3 has 30 seconds left.\n|\n|t:|1735740417\n|move|p2b: Amoonguss|Rage Powder|p2b: Amoonguss\n|-singleturn|p2b: Amoonguss|move: Rage Powder\n|move|p1a: Pelipper|Hurricane|p2b: Amoonguss\n|-supereffective|p2b: Amoonguss\n|-damage|p2b: Amoonguss|0 fnt\n|faint|p2b: Amoonguss\n|move|p1b: Archaludon|Electro Shot||[still]\n|-prepare|p1b: Archaludon|Electro Shot\n|-boost|p1b: Archaludon|spa|1\n|-anim|p1b: Archaludon|Electro Shot|p2a: Primarina\n|-damage|p2a: Primarina|27/100\n|move|p2a: Primarina|Dazzling Gleam|p1b: Archaludon|[spread] p1a,p1b\n|-damage|p1a: Pelipper|0 fnt\n|-damage|p1b: Archaludon|4/100\n|-ability|p1b: Archaludon|Stamina|boost\n|-boost|p1b: Archaludon|def|1\n|faint|p1a: Pelipper\n|\n|-weather|RainDance|[upkeep]\n|upkeep\n|\n|t:|1735740430\n|switch|p1a: Annihilape|Annihilape, L50, F|100/100\n|switch|p2b: Gallade|Gallade, L50, M|100/100\n|turn|4\n|\n|t:|1735740441\n|move|p1a: Annihilape|Final Gambit|p2b: Gallade\n|-damage|p2b: Gallade|0 fnt\n|faint|p1a: Annihilape\n|faint|p2b: Gallade\n|move|p1b: Archaludon|Electro Shot||[still]\n|-prepare|p1b: Archaludon|Electro Shot\n|-boost|p1b: Archaludon|spa|1\n|-anim|p1b: Archaludon|Electro Shot|p2a: Primarina\n|-damage|p2a: Primarina|0 fnt\n|faint|p2a: Primarina\n|\n|-weather|RainDance|[upkeep]\n|upkeep\n|\n|t:|1735740453\n|switch|p1a: Sinistcha|Sinistcha-Masterpiece, L50, shiny|100/100\n|switch|p2b: Corviknight|Corviknight, L50, M|100/100\n|-heal|p1b: Archaludon|28/100|[from] ability: Hospitality|[of] p1a: Sinistcha\n|turn|5\n|-message|Popeye1 forfeited.\n|\n|win|shihevixe3\n|raw|shihevixe3's rating: 1516 &rarr; <strong>1535</strong><br />(+19 for winning)\n|raw|Popeye1's rating: 1493 &rarr; <strong>1474</strong><br />(-19 for losing)\n|l|\u2606Popeye1\n|player|p2|\n|l|\u2606shihevixe3\n|player|p1|\n",
  "uploadtime": 1735740859,
  "views": 16,
  "formatid": "gen9vgc2024regh",
  "rating": 1474,
  "private": 0,
  "password": null
}