{
  "id": "gen9vgc2024regh-2273228865",
  "format": "[Gen 9] VGC 2024 Reg H",
  "players": [
    "sldpk1",
    "pakirisu1"
  ],
  "log": "|j|\u2606sldpk1\n|j|\u2606pakirisu1\n|t:|1735753075\n|gametype|doubles\n|player|p1|sldpk1|steven|1385\n|player|p2|pakirisu1|dawn|1290\n|teamsize|p1|6\n|teamsize|p2|6\n|gen|9\n|tier|[Gen 9] VGC 2024 Reg H\n|rated|\n|rule|Species Clause: Limit one of each Pok\u00e9mon\n|rule|Item Clause: Limit 1 of each item\n|clearpoke\n|poke|p1|Archaludon, L50, F|\n|poke|p1|Lucario, L50, M|\n|poke|p1|Talonflame, L50, F|\n|poke|p1|Pelipper, L50, F|\n|poke|p1|Comfey, L50, M|\n|poke|p1|Duraludon, L50, F|\n|poke|p2|Hatterene, L50, F|\n|poke|p2|Indeedee-F, L50, F|\n|poke|p2|Metagross, L50|\n|poke|p2|Basculegion-F, L50, F|\n|poke|p2|Archaludon, L50, F|\n|poke|p2|Incineroar, L50, M|\n|teampreview|4\n|inactive|Battle timer is ON: inactive players will automatically lose when time's up. (requested by sldpk1)\n|inactive|sldpk1 has 60 seconds left.\n|\n|t:|1735753117\n|start\n|switch|p1a: Archaludon|Archaludon, L50, F|100/100\n|switch|p1b: Duraludon|Duraludon, L50, F|100/100\n|switch|p2a: Hatterene|Hatterene, L50, F, shiny|100/100\n|switch|p2b: Indeedee|Indeedee-F, L50, F, shiny|100/100\n|-fieldstart|move: Psychic Terrain|[from] ability: Psychic Surge|[of] p2b: Indeedee\n|turn|1\n|\n|t:|1735753141\n|move|p2b: Indeedee|Follow Me|p2b: Indeedee\n|-singleturn|p2b: Indeedee|move: Follow Me\n|move|p1a: Archaludon|Flash Cannon|p2b: Indeedee\n|-damage|p2b: Indeedee|73/100\n|move|p1b: Duraludon|Roar|p2a: Hatterene\n|move|p2a: Hatterene|Roar|p1b: Duraludon|[from]ability: Magic Bounce\n|drag|p1b: Comfey|Comfey, L50, M|100/100\n|move|p2a: Hatterene|Trick Room|p2a: Hatterene\n|-fieldstart|move: Trick Room|[of] p2a: Hatterene\n|\n|upkeep\n|turn|2\n|inactive|sldpk1 has 30 seconds left.\n|\n|t:|1735753168\n|move|p2a: Hatterene|Expanding Force|p1b: Comfey|[spread] p1a,p1b\n|-resisted|p1a: Archaludon\n|-damage|p1a: Archaludon|79/100\n|-damage|p1b: Comfey|32/100\n|-ability|p1a: Archaludon|Stamina|boost\n|-boost|p1a: Archaludon|def|1\n|move|p2b: Indeedee|Psychic|p1a: Archaludon\n|-resisted|p1a: Archaludon\n|-damage|p1a: Archaludon|66/100\n|-ability|p1a: Archaludon|Stamina|boost\n|-boost|p1a: Archaludon|def|1\n|move|p1a: Archaludon|Snarl|p2a: Hatterene|[spread] p2a,p2b\n|-supereffective|p2b: Indeedee\n|-damage|p2a: Hatterene|85/100\n|-damage|p2b: Indeedee|52/100\n|-unboost|p2a: Hatterene|spa|1\n|-unboost|p2b: Indeedee|spa|1\n|move|p1b: Comfey|Trick Room|p1b: Comfey\n|-fieldend|move: Trick Room\n|\n|-heal|p2a: Hatterene|91/100|[from] item: Leftovers\n|upkeep\n|turn|3\n|inactive|sldpk1 has 30 seconds left.\n|inactive|sldpk1 has 20 seconds left.\n|\n|t:|1735753207\n|move|p1b: Comfey|Draining Kiss|p2b: Indeedee\n|-activate|p2b: Indeedee|move: Psychic Terrain\n|move|p1a: Archaludon|Snarl|p2b: Indeedee|[spread] p2a,p2b\n|-supereffective|p2b: Indeedee\n|-damage|p2a: Hatterene|77/100\n|-damage|p2b: Indeedee|33/100\n|-unboost|p2a: Hatterene|spa|1\n|-unboost|p2b: Indeedee|spa|1\n|move|p2a: Hatterene|Expanding Force|p1a: Archaludon|[spread] p1a,p1b\n|-resisted|p1a: Archaludon\n|-damage|p1a: Archaludon|54/100\n|-damage|p1b: Comfey|0 fnt\n|-ability|p1a: Archaludon|Stamina|boost\n|-boost|p1a: Archaludon|def|1\n|faint|p1b: Comfey\n|move|p2b: Indeedee|Trick Room|p2b: Indeedee\n|-fieldstart|move: Trick Room|[of] p2b: Indeedee\n|\n|-heal|p2a: Hatterene|83/100|[from] item: Leftovers\n|upkeep\n|\n|t:|1735753231\n|switch|p1b: Duraludon|Duraludon, L50, F|100/100\n|turn|4\n|inactive|sldpk1 has 30 seconds left.\n|inactive|pakirisu1 has 30 seconds left.\n|inactive|sldpk1 has 20 seconds left.\n|inactive|pakirisu1 has 20 seconds left.\n|inactive|pakirisu1 has 15 seconds left.\n|\n|t:|1735753271\n|move|p2b: Indeedee|Follow Me|p2b: Indeedee\n|-singleturn|p2b: Indeedee|move: Follow Me\n|move|p2a: Hatterene|Expanding Force|p1a: Archaludon|[spread] p1a,p1b\n|-resisted|p1a: Archaludon\n|-resisted|p1b: Duraludon\n|-damage|p1a: Archaludon|43/100\n|-damage|p1b: Duraludon|81/100\n|-ability|p1a: Archaludon|Stamina|boost\n|-boost|p1a: Archaludon|def|1\n|move|p1a: Archaludon|Flash Cannon|p2b: Indeedee\n|-damage|p2b: Indeedee|2/100\n|move|p1b: Duraludon|Foul Play|p2a: Hatterene\n|-damage|p2a: Hatterene|64/100\n|\n|-heal|p2a: Hatterene|70/100|[from] item: Leftovers\n|upkeep\n|turn|5\n|inactive|pakirisu1 has 30 seconds left.\n|\n|t:|1735753302\n|switch|p2b: Archaludon|Archaludon, L50, F, shiny|100/100\n|move|p2a: Hatterene|Protect|p2a: Hatterene\n|-singleturn|p2a: Hatterene|Protect\n|move|p1a: Archaludon|Snarl|p2a: Hatterene|[spread] p2b\n|-activate|p2a: Hatterene|move: Protect\n|-damage|p2b: Archaludon|80/100\n|-unboost|p2b: Archaludon|spa|1\n|-ability|p2b: Archaludon|Stamina|boost\n|-boost|p2b: Archaludon|def|1\n|move|p1b: Duraludon|Foul Play|p2a: Hatterene\n|-activate|p2a: Hatterene|move: Protect\n|\n|-heal|p2a: Hatterene|76/100|[from] item: Leftovers\n|-fieldend|move: Psychic Terrain\n|upkeep\n|turn|6\n|inactive|sldpk1 has 30 seconds left.\n|inactive|pakirisu1 has 30 seconds left.\n|\n|t:|1735753336\n|switch|p2a: Indeedee|Indeedee-F, L50, F, shiny|2/100\n|-fieldstart|move: Psychic Terrain|[from] ability: Psychic Surge|[of] p2a: Indeedee\n|move|p1b: Duraludon|Body Press|p2b: Archaludon\n|-supereffective|p2b: Archaludon\n|-damage|p2b: Archaludon|47/100\n|-ability|p2b: Archaludon|Stamina|boost\n|-boost|p2b: Archaludon|def|1\n|move|p1a: Archaludon|Draco Meteor|p2b: Archaludon\n|-damage|p2b: Archaludon|0 fnt\n|-unboost|p1a: Archaludon|spa|2\n|faint|p2b: Archaludon\n|\n|upkeep\n|\n|t:|1735753352\n|switch|p2b: Hatterene|Hatterene, L50, F, shiny|76/100\n|turn|7\n|inactive|pakirisu1 has 30 seconds left.\n|\n|t:|1735753379\n|move|p2a: Indeedee|Follow Me|p2a: Indeedee\n|-singleturn|p2a: Indeedee|move: Follow Me\n|move|p2b: Hatterene|Dazzling Gleam|p1a: Archaludon|[spread] p1a,p1b\n|-crit|p1a: Archaludon\n|-damage|p1a: Archaludon|8/100\n|-damage|p1b: Duraludon|37/100\n|-ability|p1a: Archaludon|Stamina|boost\n|-boost|p1a: Archaludon|def|1\n|move|p1a: Archaludon|Snarl|p2b: Hatterene|[spread] p2a,p2b\n|-supereffective|p2a: Indeedee\n|-damage|p2a: Indeedee|0 fnt\n|-damage|p2b: Hatterene|69/100\n|-unboost|p2b: Hatterene|spa|1\n|faint|p2a: Indeedee\n|move|p1b: Duraludon|Foul Play|p2b: Hatterene\n|-damage|p2b: Hatterene|49/100\n|\n|-heal|p2b: Hatterene|55/100|[from] item: Leftovers\n|-fieldend|move: Trick Room\n|upkeep\n|\n|t:|1735753389\n|switch|p2a: Incineroar|Incineroar, L50, M|100/100\n|turn|8\n|\n|t:|1735753410\n|move|p1a: Archaludon|Flash Cannon|p2b: Hatterene\n|-supereffective|p2b: Hatterene\n|-damage|p2b: Hatterene|11/100\n|move|p1b: Duraludon|Body Press|p2a: Incineroar\n|-supereffective|p2a: Incineroar\n|-crit|p2a: Incineroar\n|-damage|p2a: Incineroar|14/100\n|move|p2a: Incineroar|Flare Blitz|p1b: Duraludon\n|-crit|p1b: Duraludon\n|-damage|p1b: Duraludon|0 fnt\n|faint|p1b: Duraludon\n|-damage|p2a: Incineroar|4/100|[from] Recoil\n|move|p2b: Hatterene|Dazzling Gleam|p1a: Archaludon\n|-damage|p1a: Archaludon|0 fnt\n|faint|p1a: Archaludon\n|\n|-heal|p2b: Hatterene|18/100|[from] item: Leftovers\n|upkeep\n|\n|t:|1735753430\n|switch|p1b: Lucario|Lucario, L50, M|100/100\n|-item|p1b: Lucario|Air Balloon\n|turn|9\n|inactive|sldpk1 has 30 seconds left.\n|inactive|sldpk1 has 20 seconds left.\n|\n|t:|1735753466\n|move|p1b: Lucario|Dark Pulse|p2a: Incineroar\n|-resisted|p2a: Incineroar\n|-damage|p2a: Incineroar|0 fnt\n|faint|p2a: Incineroar\n|move|p2b: Hatterene|Expanding Force|p1b: Lucario\n|-damage|p1b: Lucario|7/100\n|-enditem|p1b: Lucario|Air Balloon\n|\n|-heal|p2b: Hatterene|24/100|[from] item: Leftovers\n|upkeep\n|turn|10\n|inactive|pakirisu1 has 30 seconds left.\n|\n|t:|1735753493\n|move|p1b: Lucario|Dark Pulse|p2b: Hatterene\n|-damage|p2b: Hatterene|0 fnt\n|faint|p2b: Hatterene\n|\n|win|sldpk1\n|raw|sldpk1's rating: 1385 &rarr; <strong>1400</strong><br />(+15 for winning)\n|raw|pakirisu1's rating: 1290 &rarr; <strong>1272</strong><br />(-18 for losing)\n|l|\u2606sldpk1\n|player|p1|\n|l|\u2606pakirisu1\n|player|p2|\n",
  "uploadtime": 1735753869,
  "views": 350,
  "formatid": "gen9vgc2024regh",
  "rating": 1272,
  "private": 0,
  "password": null
}