{
  "id": "gen9vgc2024regh-2273103614",
  "format": "[Gen 9] VGC 2024 Reg H",
  "players": [
    "LAODABLNT",
    "LeechingXp"
  ],
  "log": "|j|\u2606LAODABLNT\n|j|\u2606LeechingXp\n|t:|1735730846\n|gametype|doubles\n|player|p1|LAODABLNT|lucas|1222\n|player|p2|LeechingXp|fantina|1095\n|teamsize|p1|6\n|teamsize|p2|6\n|gen|9\n|tier|[Gen 9] VGC 2024 Reg H\n|rated|\n|rule|Species Clause: Limit one of each Pok\u00e9mon\n|rule|Item Clause: Limit 1 of each item\n|clearpoke\n|poke|p1|Smeargle, L50, F|\n|poke|p1|Muk-Alola, L50, F|\n|poke|p1|Amoonguss, L50, F|\n|poke|p1|Espeon, L50, M|\n|poke|p1|Umbreon, L50, F|\n|poke|p1|Annihilape, L50, M|\n|poke|p2|Dragapult, L50, M|\n|poke|p2|Riolu, L50, M|\n|poke|p2|Maushold-Four, L50|\n|poke|p2|Blastoise, L50, F|\n|poke|p2|Electrode-Hisui, L50|\n|poke|p2|Annihilape, L50, F|\n|teampreview|4\n|inactive|Battle timer is ON: inactive players will automatically lose when time's up. (requested by LAODABLNT)\n|inactive|LeechingXp has 60 seconds left.\n|\n|t:|1735730885\n|start\n|switch|p1a: Smeargle|Smeargle, L50, F|100/100\n|switch|p1b: Muk|Muk-Alola, L50, F|100/100\n|switch|p2a: Dragapult|Dragapult, L50, M|100/100\n|switch|p2b: Annihilape|Annihilape, L50, F|100/100\n|turn|1\n|\n|t:|1735730897\n|move|p1a: Smeargle|Follow Me|p1a: Smeargle\n|-singleturn|p1a: Smeargle|move: Follow Me\n|move|p2b: Annihilape|Final Gambit|p1a: Smeargle\n|-enditem|p1a: Smeargle|Focus Sash\n|-damage|p1a: Smeargle|1/100\n|faint|p2b: Annihilape\n|move|p2a: Dragapult|Dragon Darts|p1a: Smeargle\n|-damage|p1a: Smeargle|0 fnt\n|faint|p1a: Smeargle\n|-ability|p1b: Muk|Moody|[from] ability: Power of Alchemy|[of] p1a: Smeargle\n|move|p1b: Muk|Minimize|p1b: Muk\n|-boost|p1b: Muk|evasion|2\n|\n|-ability|p1b: Muk|Moody|boost\n|-boost|p1b: Muk|def|2\n|-unboost|p1b: Muk|atk|1\n|upkeep\n|\n|t:|1735730915\n|switch|p2b: Riolu|Riolu, L50, M|100/100\n|switch|p1a: Umbreon|Umbreon, L50, F|100/100\n|turn|2\n|\n|t:|1735730936\n|move|p1a: Umbreon|Detect|p1a: Umbreon\n|-singleturn|p1a: Umbreon|Protect\n|move|p1b: Muk|Protect|p1b: Muk\n|-singleturn|p1b: Muk|Protect\n|move|p2b: Riolu|Coaching|p2a: Dragapult\n|-boost|p2a: Dragapult|atk|1\n|-boost|p2a: Dragapult|def|1\n|move|p2a: Dragapult|Dragon Darts|p1b: Muk\n|-activate|p1a: Umbreon|move: Protect\n|\n|-ability|p1b: Muk|Moody|boost\n|-boost|p1b: Muk|spa|2\n|-unboost|p1b: Muk|atk|1\n|upkeep\n|turn|3\n|\n|t:|1735730956\n|-terastallize|p2a: Dragapult|Steel\n|move|p2b: Riolu|Coaching|p2a: Dragapult\n|-boost|p2a: Dragapult|atk|1\n|-boost|p2a: Dragapult|def|1\n|move|p2a: Dragapult|Dragon Darts|p1b: Muk\n|-damage|p1b: Muk|71/100\n|-anim|p2a: Dragapult|Dragon Darts|p1a: Umbreon\n|-damage|p1a: Umbreon|38/100\n|move|p1a: Umbreon|Skill Swap|p2a: Dragapult\n|-activate|p1a: Umbreon|move: Skill Swap|Clear Body|Inner Focus|[of] p2a: Dragapult\n|move|p1b: Muk|Minimize|p1b: Muk\n|-boost|p1b: Muk|evasion|2\n|\n|-heal|p1b: Muk|77/100|[from] item: Leftovers\n|-ability|p1b: Muk|Moody|boost\n|-boost|p1b: Muk|spe|2\n|-unboost|p1b: Muk|atk|1\n|upkeep\n|turn|4\n|\n|t:|1735730981\n|move|p2b: Riolu|Coaching|p2a: Dragapult\n|-boost|p2a: Dragapult|atk|1\n|-boost|p2a: Dragapult|def|1\n|move|p2a: Dragapult|Dragon Darts|p1b: Muk\n|-damage|p1b: Muk|37/100\n|-anim|p2a: Dragapult|Dragon Darts|p1a: Umbreon\n|-damage|p1a: Umbreon|0 fnt\n|faint|p1a: Umbreon\n|move|p1b: Muk|Minimize|p1b: Muk\n|-boost|p1b: Muk|evasion|2\n|\n|-heal|p1b: Muk|43/100|[from] item: Leftovers\n|-ability|p1b: Muk|Moody|boost\n|-boost|p1b: Muk|spe|2\n|-unboost|p1b: Muk|atk|1\n|upkeep\n|\n|t:|1735730992\n|switch|p1a: Espeon|Espeon, L50, M|100/100\n|turn|5\n|\n|t:|1735731004\n|move|p1b: Muk|Protect|p1b: Muk\n|-singleturn|p1b: Muk|Protect\n|move|p2b: Riolu|Coaching|p2a: Dragapult\n|-boost|p2a: Dragapult|atk|1\n|-boost|p2a: Dragapult|def|1\n|move|p2a: Dragapult|Dragon Darts|p1a: Espeon\n|-damage|p1a: Espeon|0 fnt\n|faint|p1a: Espeon\n|\n|-heal|p1b: Muk|49/100|[from] item: Leftovers\n|-ability|p1b: Muk|Moody|boost\n|-boost|p1b: Muk|spe|2\n|-unboost|p1b: Muk|atk|1\n|upkeep\n|turn|6\n|\n|t:|1735731020\n|move|p2b: Riolu|Bullet Punch|p1b: Muk|[miss]\n|-miss|p2b: Riolu|p1b: Muk\n|move|p1b: Muk|Knock Off|p2a: Dragapult\n|-damage|p2a: Dragapult|95/100\n|-enditem|p2a: Dragapult|Choice Band|[from] move: Knock Off|[of] p1b: Muk\n|move|p2a: Dragapult|Dragon Darts|p1b: Muk\n|-damage|p1b: Muk|19/100\n|-anim|p2a: Dragapult|Dragon Darts|p1b: Muk\n|-damage|p1b: Muk|0 fnt\n|faint|p1b: Muk\n|\n|win|LeechingXp\n|raw|LAODABLNT's rating: 1222 &rarr; <strong>1188</strong><br />(-34 for losing)\n|raw|LeechingXp's rating: 1095 &rarr; <strong>1130</strong><br />(+35 for winning)\n|l|\u2606LAODABLNT\n|player|p1|\n|l|\u2606LeechingXp\n|player|p2|\n",
  "uploadtime": 1735731404,
  "views": 12,
  "formatid": "gen9vgc2024regh",
  "rating": 1130,
  "private": 0,
  "password": null
}