{
  "id": "gen9vgc2024regh-2273130161",
  "format": "[Gen 9] VGC 2024 Reg H",
  "players": [
    "viplup",
    "Beardo1991"
  ],
  "log": "|j|\u2606viplup\n|j|\u2606Beardo1991\n|t:|1735736960\n|gametype|doubles\n|player|p1|viplup|sailor|1128\n|player|p2|Beardo1991|170|1158\n|teamsize|p1|6\n|teamsize|p2|6\n|gen|9\n|tier|[Gen 9] VGC 2024 Reg H\n|rated|\n|rule|Species Clause: Limit one of each Pok\u00e9mon\n|rule|Item Clause: Limit 1 of each item\n|clearpoke\n|poke|p1|Breloom, L50, M|\n|poke|p1|Ambipom, L50, M|\n|poke|p1|Kingambit, L50, M|\n|poke|p1|Delphox, L50, M|\n|poke|p1|Dragapult, L50, M|\n|poke|p1|Archaludon, L50, F|\n|poke|p2|Weezing-Galar, L50, M|\n|poke|p2|Toedscruel, L50, M|\n|poke|p2|Typhlosion, L50, F|\n|poke|p2|Baxcalibur, L50, M|\n|poke|p2|Murkrow, L50, M|\n|poke|p2|Gholdengo, L50|\n|teampreview|4\n|inactive|Battle timer is ON: inactive players will automatically lose when time's up. (requested by viplup)\n|inactive|viplup has 60 seconds left.\n|\n|t:|1735737004\n|start\n|switch|p1a: Ambipom|Ambipom, L50, M|100/100\n|switch|p1b: Delphox|Delphox, L50, M|100/100\n|switch|p2a: Weezing|Weezing-Galar, L50, M, shiny|100/100\n|switch|p2b: Toedscruel|Toedscruel, L50, M, shiny|100/100\n|-ability|p2a: Weezing|Neutralizing Gas\n|turn|1\n|\n|t:|1735737023\n|move|p1a: Ambipom|Fake Out|p2a: Weezing\n|-damage|p2a: Weezing|81/100\n|move|p1b: Delphox|Heat Wave|p2b: Toedscruel|[spread] p2a,p2b\n|-supereffective|p2b: Toedscruel\n|-damage|p2a: Weezing|32/100\n|-damage|p2b: Toedscruel|16/100\n|move|p2b: Toedscruel|Spore|p1b: Delphox\n|-status|p1b: Delphox|slp|[from] move: Spore\n|cant|p2a: Weezing|flinch\n|\n|upkeep\n|turn|2\n|\n|t:|1735737046\n|move|p1a: Ambipom|U-turn|p2b: Toedscruel\n|-supereffective|p2b: Toedscruel\n|-damage|p2b: Toedscruel|0 fnt\n|faint|p2b: Toedscruel\n|\n|t:|1735737049\n|switch|p1a: Kingambit|Kingambit, L50, M|100/100|[from] U-turn\n|cant|p1b: Delphox|slp\n|move|p2a: Weezing|Sludge Bomb|p1b: Delphox\n|-damage|p1b: Delphox|64/100 slp\n|\n|upkeep\n|\n|t:|1735737060\n|switch|p2b: Typhlosion|Typhlosion, L50, F|100/100\n|turn|3\n|\n|t:|1735737074\n|-terastallize|p2a: Weezing|Fire\n|-terastallize|p1a: Kingambit|Flying\n|cant|p1b: Delphox|slp\n|move|p2b: Typhlosion|Eruption|p1a: Kingambit|[spread] p1a,p1b\n|-resisted|p1b: Delphox\n|-damage|p1a: Kingambit|67/100\n|-damage|p1b: Delphox|34/100 slp\n|move|p2a: Weezing|Flamethrower|p1a: Kingambit\n|-damage|p1a: Kingambit|49/100\n|move|p1a: Kingambit|Iron Head|p2a: Weezing\n|-resisted|p2a: Weezing\n|-damage|p2a: Weezing|13/100\n|\n|upkeep\n|turn|4\n|\n|t:|1735737092\n|-curestatus|p1b: Delphox|slp|[msg]\n|move|p1b: Delphox|Heat Wave|p2b: Typhlosion|[spread] p2a\n|-miss|p1b: Delphox|p2b: Typhlosion\n|-resisted|p2a: Weezing\n|-damage|p2a: Weezing|0 fnt\n|faint|p2a: Weezing\n|-end|p2a: Weezing|ability: Neutralizing Gas\n|move|p2b: Typhlosion|Eruption|p1a: Kingambit|[spread] p1a,p1b\n|-resisted|p1b: Delphox\n|-damage|p1a: Kingambit|16/100\n|-damage|p1b: Delphox|5/100\n|move|p1a: Kingambit|Kowtow Cleave|p2b: Typhlosion\n|-damage|p2b: Typhlosion|27/100\n|\n|upkeep\n|\n|t:|1735737108\n|switch|p2a: Baxcalibur|Baxcalibur, L50, M, shiny|100/100\n|turn|5\n|\n|t:|1735737118\n|move|p2a: Baxcalibur|Protect|p2a: Baxcalibur\n|-singleturn|p2a: Baxcalibur|Protect\n|move|p1b: Delphox|Heat Wave|p2a: Baxcalibur|[spread] \n|-activate|p2a: Baxcalibur|move: Protect\n|-start|p2b: Typhlosion|ability: Flash Fire\n|move|p2b: Typhlosion|Heat Wave|p1b: Delphox|[spread] p1a\n|-miss|p2b: Typhlosion|p1b: Delphox\n|-damage|p1a: Kingambit|0 fnt\n|faint|p1a: Kingambit\n|\n|upkeep\n|\n|t:|1735737124\n|switch|p1a: Ambipom|Ambipom, L50, M|100/100\n|turn|6\n|\n|t:|1735737138\n|move|p1a: Ambipom|Fake Out|p2b: Typhlosion\n|-damage|p2b: Typhlosion|0 fnt\n|faint|p2b: Typhlosion\n|move|p1b: Delphox|Heat Wave|p2a: Baxcalibur\n|-damage|p2a: Baxcalibur|26/100\n|-ability|p2a: Baxcalibur|Thermal Exchange|boost\n|-boost|p2a: Baxcalibur|atk|1\n|move|p2a: Baxcalibur|Icicle Spear|p1a: Ambipom\n|-damage|p1a: Ambipom|64/100\n|-damage|p1a: Ambipom|29/100\n|-damage|p1a: Ambipom|0 fnt\n|faint|p1a: Ambipom\n|-hitcount|p1: Ambipom|3\n|\n|upkeep\n|\n|t:|1735737143\n|switch|p1a: Archaludon|Archaludon, L50, F|100/100\n|turn|7\n|\n|t:|1735737165\n|move|p1b: Delphox|Heat Wave|p2a: Baxcalibur\n|-damage|p2a: Baxcalibur|0 fnt\n|faint|p2a: Baxcalibur\n|\n|win|viplup\n|raw|viplup's rating: 1128 &rarr; <strong>1155</strong><br />(+27 for winning)\n|raw|Beardo1991's rating: 1158 &rarr; <strong>1131</strong><br />(-27 for losing)\n|l|\u2606viplup\n|player|p1|\n|l|\u2606Beardo1991\n|player|p2|\n",
  "uploadtime": 1735737536,
  "views": 23,
  "formatid": "gen9vgc2024regh",
  "rating": 1131,
  "private": 0,
  "password": null
}