{
  "id": "gen9vgc2024regh-2273221171",
  "format": "[Gen 9] VGC 2024 Reg H",
  "players": [
    "nico864",
    "KaiTheBunny1729"
  ],
  "log": "|j|\u2606nico864\n|j|\u2606KaiTheBunny1729\n|t:|1735751989\n|gametype|doubles\n|player|p1|nico864|lady|1157\n|player|p2|KaiTheBunny1729|1|1228\n|teamsize|p1|6\n|teamsize|p2|6\n|gen|9\n|tier|[Gen 9] VGC 2024 Reg H\n|rated|\n|rule|Species Clause: Limit one of each Pok\u00e9mon\n|rule|Item Clause: Limit 1 of each item\n|clearpoke\n|poke|p1|Archaludon, L50, F|\n|poke|p1|Pelipper, L50, F|\n|poke|p1|Politoed, L50, F|\n|poke|p1|Basculegion-F, L50, F|\n|poke|p1|Amoonguss, L50, M|\n|poke|p1|Kingdra, L50, M|\n|poke|p2|Hydreigon, L50, F|\n|poke|p2|Ursaluna, L50, M|\n|poke|p2|Sneasler, L50, F|\n|poke|p2|Orthworm, L50, M|\n|poke|p2|Volcarona, L50, M|\n|poke|p2|Rotom-Wash, L50|\n|teampreview|4\n|inactive|Battle timer is ON: inactive players will automatically lose when time's up. (requested by KaiTheBunny1729)\n|\n|t:|1735752025\n|start\n|switch|p1a: Pelipper|Pelipper, L50, F|100/100\n|switch|p1b: Basculegion|Basculegion-F, L50, F|100/100\n|switch|p2a: Orthworm|Orthworm, L50, M|100/100\n|switch|p2b: Sneasler|Sneasler, L50, F|100/100\n|-weather|RainDance|[from] ability: Drizzle|[of] p1a: Pelipper\n|turn|1\n|inactive|nico864 has 30 seconds left.\n|\n|t:|1735752053\n|move|p1b: Basculegion|Protect|p1b: Basculegion\n|-singleturn|p1b: Basculegion|Protect\n|move|p2b: Sneasler|Dire Claw|p1a: Pelipper\n|-damage|p1a: Pelipper|65/100\n|move|p2a: Orthworm|Shed Tail|p2a: Orthworm\n|-start|p2a: Orthworm|Substitute|[from] move: Shed Tail\n|-damage|p2a: Orthworm|50/100\n|-enditem|p2a: Orthworm|Sitrus Berry|[eat]\n|-heal|p2a: Orthworm|75/100|[from] item: Sitrus Berry\n|\n|t:|1735752062\n|switch|p2a: Rotom|Rotom-Wash, L50|100/100|[from] Shed Tail\n|move|p1a: Pelipper|Hurricane|p2b: Sneasler\n|-supereffective|p2b: Sneasler\n|-damage|p2b: Sneasler|8/100\n|\n|-weather|RainDance|[upkeep]\n|upkeep\n|turn|2\n|\n|t:|1735752077\n|move|p1b: Basculegion|Icy Wind|p2a: Rotom|[spread] p2a,p2b\n|-resisted|p2a: Rotom\n|-crit|p2a: Rotom\n|-activate|p2a: Rotom|move: Substitute|[damage]\n|-damage|p2b: Sneasler|0 fnt\n|faint|p2b: Sneasler\n|-damage|p1b: Basculegion|91/100|[from] item: Life Orb\n|move|p2a: Rotom|Discharge|p1a: Pelipper|[spread] p1a,p1b\n|-supereffective|p1a: Pelipper\n|-supereffective|p1b: Basculegion\n|-damage|p1a: Pelipper|0 fnt\n|-damage|p1b: Basculegion|0 fnt\n|faint|p1a: Pelipper\n|faint|p1b: Basculegion\n|\n|-weather|RainDance|[upkeep]\n|upkeep\n|\n|t:|1735752090\n|switch|p2b: Ursaluna|Ursaluna, L50, M|100/100\n|switch|p1b: Kingdra|Kingdra, L50, M|100/100\n|switch|p1a: Amoonguss|Amoonguss, L50, M|100/100\n|turn|3\n|\n|t:|1735752107\n|-terastallize|p2a: Rotom|Electric\n|move|p1b: Kingdra|Muddy Water|p2a: Rotom|[spread] p2a,p2b\n|-end|p2a: Rotom|Substitute\n|-supereffective|p2b: Ursaluna\n|-damage|p2b: Ursaluna|3/100\n|-unboost|p2b: Ursaluna|accuracy|1\n|move|p2a: Rotom|Discharge|p1b: Kingdra|[spread] p1a,p1b\n|-immune|p2b: Ursaluna\n|-resisted|p1a: Amoonguss\n|-damage|p1a: Amoonguss|80/100\n|-damage|p1b: Kingdra|27/100\n|move|p2b: Ursaluna|Earthquake|p1a: Amoonguss|[spread] p1b\n|-immune|p2a: Rotom|[from] ability: Levitate\n|-miss|p2b: Ursaluna|p1a: Amoonguss\n|-damage|p1b: Kingdra|0 fnt\n|faint|p1b: Kingdra\n|move|p1a: Amoonguss|Spore|p2b: Ursaluna\n|-status|p2b: Ursaluna|slp|[from] move: Spore\n|\n|-weather|RainDance|[upkeep]\n|-heal|p1a: Amoonguss|86/100|[from] item: Leftovers\n|upkeep\n|turn|4\n|\n|t:|1735752132\n|move|p2a: Rotom|Discharge|p1a: Amoonguss|[spread] p1a\n|-immune|p2b: Ursaluna\n|-resisted|p1a: Amoonguss\n|-damage|p1a: Amoonguss|65/100\n|cant|p2b: Ursaluna|slp\n|move|p1a: Amoonguss|Clear Smog|p2a: Rotom\n|-crit|p2a: Rotom\n|-damage|p2a: Rotom|67/100\n|-clearboost|p2a: Rotom\n|\n|-weather|RainDance|[upkeep]\n|-heal|p1a: Amoonguss|71/100|[from] item: Leftovers\n|upkeep\n|turn|5\n|\n|t:|1735752147\n|move|p2a: Rotom|Discharge|p1a: Amoonguss|[spread] p1a\n|-immune|p2b: Ursaluna\n|-resisted|p1a: Amoonguss\n|-damage|p1a: Amoonguss|51/100\n|-status|p1a: Amoonguss|par\n|cant|p2b: Ursaluna|slp\n|move|p1a: Amoonguss|Spore|p2a: Rotom\n|-status|p2a: Rotom|slp|[from] move: Spore\n|\n|-weather|RainDance|[upkeep]\n|-heal|p1a: Amoonguss|57/100 par|[from] item: Leftovers\n|upkeep\n|turn|6\n|\n|t:|1735752160\n|cant|p2a: Rotom|slp\n|-curestatus|p2b: Ursaluna|slp|[msg]\n|move|p2b: Ursaluna|Headlong Rush|p1a: Amoonguss\n|-damage|p1a: Amoonguss|0 fnt\n|-unboost|p2b: Ursaluna|def|1\n|-unboost|p2b: Ursaluna|spd|1\n|faint|p1a: Amoonguss\n|\n|win|KaiTheBunny1729\n|raw|nico864's rating: 1157 &rarr; <strong>1137</strong><br />(-20 for losing)\n|raw|KaiTheBunny1729's rating: 1228 &rarr; <strong>1248</strong><br />(+20 for winning)\n|l|\u2606nico864\n|player|p1|\n|l|\u2606KaiTheBunny1729\n|player|p2|\n",
  "uploadtime": 1735752488,
  "views": 348,
  "formatid": "gen9vgc2024regh",
  "rating": 1137,
  "private": 0,
  "password": null
}