{
  "id": "gen9vgc2024regh-2273138050",
  "format": "[Gen 9] VGC 2024 Reg H",
  "players": [
    "joergdienase",
    "foysalkhan"
  ],
  "log": "|j|\u2606joergdienase\n|j|\u2606foysalkhan\n|t:|1735738596\n|gametype|doubles\n|player|p1|joergdienase|101|1276\n|player|p2|foysalkhan|169|1333\n|teamsize|p1|6\n|teamsize|p2|6\n|gen|9\n|tier|[Gen 9] VGC 2024 Reg H\n|rated|\n|rule|Species Clause: Limit one of each Pok\u00e9mon\n|rule|Item Clause: Limit 1 of each item\n|clearpoke\n|poke|p1|Smeargle, L50, M|\n|poke|p1|Bellossom, L50, F|\n|poke|p1|Armarouge, L50, M|\n|poke|p1|Forretress, L50, M|\n|poke|p1|Ursaluna, L50, F|\n|poke|p1|Magnezone, L50|\n|poke|p2|Sneasler, L50, F|\n|poke|p2|Politoed, L50, F|\n|poke|p2|Incineroar, L50, F|\n|poke|p2|Kingdra, L50, F|\n|poke|p2|Archaludon, L50, M|\n|poke|p2|Amoonguss, L50, F|\n|teampreview|4\n|inactive|Battle timer is ON: inactive players will automatically lose when time's up. (requested by foysalkhan)\n|\n|t:|1735738623\n|start\n|switch|p1a: Smeargle|Smeargle, L50, M|100/100\n|switch|p1b: Forretress|Forretress, L50, M|100/100\n|switch|p2a: Sneasler|Sneasler, L50, F|100/100\n|switch|p2b: Incineroar|Incineroar, L50, F|100/100\n|-ability|p2b: Incineroar|Intimidate|boost\n|-unboost|p1a: Smeargle|atk|1\n|-unboost|p1b: Forretress|atk|1\n|turn|1\n|\n|t:|1735738642\n|-terastallize|p1b: Forretress|Water\n|move|p1a: Smeargle|Burning Bulwark|p1a: Smeargle\n|-singleturn|p1a: Smeargle|move: Protect\n|move|p2b: Incineroar|Fake Out|p1a: Smeargle\n|-activate|p1a: Smeargle|move: Protect\n|move|p2a: Sneasler|Dire Claw|p1a: Smeargle\n|-activate|p1a: Smeargle|move: Protect\n|-status|p2a: Sneasler|brn\n|move|p1b: Forretress|Iron Defense|p1b: Forretress\n|-boost|p1b: Forretress|def|2\n|\n|-damage|p2a: Sneasler|95/100 brn|[from] brn\n|-ability|p1a: Smeargle|Moody|boost\n|-boost|p1a: Smeargle|spe|2\n|-unboost|p1a: Smeargle|spa|1\n|upkeep\n|turn|2\n|\n|t:|1735738666\n|move|p1a: Smeargle|Spore|p2b: Incineroar\n|-activate|p2b: Incineroar|item: Safety Goggles|Spore\n|move|p2a: Sneasler|Dire Claw|p1a: Smeargle\n|-damage|p1a: Smeargle|52/100\n|-status|p1a: Smeargle|psn\n|move|p2b: Incineroar|Knock Off|p1b: Forretress\n|-crit|p1b: Forretress\n|-damage|p1b: Forretress|60/100\n|-damage|p2b: Incineroar|84/100|[from] item: Rocky Helmet|[of] p1b: Forretress\n|-enditem|p1b: Forretress|Rocky Helmet|[from] move: Knock Off|[of] p2b: Incineroar\n|move|p1b: Forretress|Body Press|p2a: Sneasler\n|-resisted|p2a: Sneasler\n|-damage|p2a: Sneasler|42/100 brn\n|\n|-damage|p1a: Smeargle|40/100 psn|[from] psn\n|-damage|p2a: Sneasler|36/100 brn|[from] brn\n|-ability|p1a: Smeargle|Moody|boost\n|-boost|p1a: Smeargle|spd|2\n|-unboost|p1a: Smeargle|def|1\n|upkeep\n|turn|3\n|inactive|joergdienase has 30 seconds left.\n|\n|t:|1735738693\n|move|p2a: Sneasler|Close Combat|p1b: Forretress\n|-damage|p1b: Forretress|51/100\n|-unboost|p2a: Sneasler|def|1\n|-unboost|p2a: Sneasler|spd|1\n|-enditem|p2a: Sneasler|White Herb\n|-clearnegativeboost|p2a: Sneasler|[silent]\n|move|p2b: Incineroar|Knock Off|p1b: Forretress\n|-damage|p1b: Forretress|43/100\n|move|p1b: Forretress|Body Press|p2b: Incineroar\n|-supereffective|p2b: Incineroar\n|-damage|p2b: Incineroar|0 fnt\n|faint|p2b: Incineroar\n|move|p1a: Smeargle|Trick Room|p1a: Smeargle\n|-fieldstart|move: Trick Room|[of] p1a: Smeargle\n|\n|-damage|p1a: Smeargle|28/100 psn|[from] psn\n|-damage|p2a: Sneasler|30/100 brn|[from] brn\n|-ability|p1a: Smeargle|Moody|boost\n|-boost|p1a: Smeargle|def|2\n|-unboost|p1a: Smeargle|spe|1\n|upkeep\n|\n|t:|1735738707\n|switch|p2b: Politoed|Politoed, L50, F|100/100\n|-weather|RainDance|[from] ability: Drizzle|[of] p2b: Politoed\n|turn|4\n|\n|t:|1735738720\n|move|p2b: Politoed|Protect|p2b: Politoed\n|-singleturn|p2b: Politoed|Protect\n|move|p2a: Sneasler|Protect|p2a: Sneasler\n|-singleturn|p2a: Sneasler|Protect\n|move|p1b: Forretress|Body Press|p2a: Sneasler\n|-activate|p2a: Sneasler|move: Protect\n|move|p1a: Smeargle|Salt Cure|p2b: Politoed\n|-activate|p2b: Politoed|move: Protect\n|\n|-weather|RainDance|[upkeep]\n|-damage|p1a: Smeargle|17/100 psn|[from] psn\n|-damage|p2a: Sneasler|24/100 brn|[from] brn\n|-ability|p1a: Smeargle|Moody|boost\n|-boost|p1a: Smeargle|spd|2\n|-unboost|p1a: Smeargle|spe|1\n|upkeep\n|turn|5\n|inactive|foysalkhan has 30 seconds left.\n|\n|t:|1735738751\n|-terastallize|p2b: Politoed|Grass\n|move|p1b: Forretress|Body Press|p2a: Sneasler\n|-resisted|p2a: Sneasler\n|-damage|p2a: Sneasler|0 fnt\n|faint|p2a: Sneasler\n|move|p2b: Politoed|Weather Ball|p1a: Smeargle\n|-damage|p1a: Smeargle|0 fnt\n|faint|p1a: Smeargle\n|\n|-weather|RainDance|[upkeep]\n|upkeep\n|\n|t:|1735738762\n|switch|p1a: Magnezone|Magnezone, L50|100/100\n|switch|p2a: Kingdra|Kingdra, L50, F|100/100\n|-item|p1a: Magnezone|Air Balloon\n|turn|6\n|\n|t:|1735738774\n|move|p1b: Forretress|Body Press|p2a: Kingdra\n|-damage|p2a: Kingdra|18/100\n|move|p1a: Magnezone|Thunderbolt|p2a: Kingdra\n|-damage|p2a: Kingdra|0 fnt\n|faint|p2a: Kingdra\n|move|p2b: Politoed|Weather Ball|p1a: Magnezone\n|-damage|p1a: Magnezone|46/100\n|-enditem|p1a: Magnezone|Air Balloon\n|\n|-weather|RainDance|[upkeep]\n|upkeep\n|turn|7\n|\n|t:|1735738789\n|move|p1b: Forretress|Body Press|p2b: Politoed\n|-damage|p2b: Politoed|32/100\n|move|p1a: Magnezone|Flash Cannon|p2b: Politoed\n|-damage|p2b: Politoed|0 fnt\n|faint|p2b: Politoed\n|\n|win|joergdienase\n|raw|joergdienase's rating: 1276 &rarr; <strong>1305</strong><br />(+29 for winning)\n|raw|foysalkhan's rating: 1333 &rarr; <strong>1310</strong><br />(-23 for losing)\n|l|\u2606foysalkhan\n|player|p2|\n|l|\u2606joergdienase\n|player|p1|\n",
  "uploadtime": 1735739197,
  "views": 13,
  "formatid": "gen9vgc2024regh",
  "rating": 1305,
  "private": 0,
  "password": null
}