{
  "id": "gen9vgc2024regh-2273188656",
  "format": "[Gen 9] VGC 2024 Reg H",
  "players": [
    "MK ASTRO",
    "Evan_egggg"
  ],
  "log": "|j|\u2606MK ASTRO\n|j|\u2606Evan_egggg\n|t:|1735747314\n|gametype|doubles\n|player|p1|MK ASTRO|colress|1137\n|player|p2|Evan_egggg|lucas|1193\n|teamsize|p1|6\n|teamsize|p2|6\n|gen|9\n|tier|[Gen 9] VGC 2024 Reg H\n|rated|\n|rule|Species Clause: Limit one of each Pok\u00e9mon\n|rule|Item Clause: Limit 1 of each item\n|clearpoke\n|poke|p1|Beartic, L50, M|\n|poke|p1|Pelipper, L50, M|\n|poke|p1|Archaludon, L50, M|\n|poke|p1|Incineroar, L50, M|\n|poke|p1|Electabuzz, L50, M|\n|poke|p1|Sneasler, L50, M|\n|poke|p2|Incineroar, L50, F|\n|poke|p2|Typhlosion-Hisui, L50, M|\n|poke|p2|Ursaluna-Bloodmoon, L50, M|\n|poke|p2|Amoonguss, L50, M|\n|poke|p2|Slowbro, L50, F|\n|poke|p2|Murkrow, L50, M|\n|teampreview|4\n|inactive|Battle timer is ON: inactive players will automatically lose when time's up. (requested by Evan_egggg)\nMK ASTRO rejected open team sheets.\n|inactive|Evan_egggg has 60 seconds left.\n|\n|t:|1735747350\n|start\n|switch|p1a: Beartic|Beartic, L50, M, shiny|100/100\n|switch|p1b: Pelipper|Pelipper, L50, M, shiny|100/100\n|switch|p2a: Ursaluna|Ursaluna-Bloodmoon, L50, M|100/100\n|switch|p2b: Slowbro|Slowbro, L50, F|100/100\n|-weather|RainDance|[from] ability: Drizzle|[of] p1b: Pelipper\n|turn|1\n|\n|t:|1735747373\n|move|p2a: Ursaluna|Protect|p2a: Ursaluna\n|-singleturn|p2a: Ursaluna|Protect\n|move|p1a: Beartic|Close Combat|p2a: Ursaluna\n|-activate|p2a: Ursaluna|move: Protect\n|move|p1b: Pelipper|Hurricane|p2b: Slowbro\n|-damage|p2b: Slowbro|63/100\n|move|p2b: Slowbro|Trick Room|p2b: Slowbro\n|-fieldstart|move: Trick Room|[of] p2b: Slowbro\n|\n|-weather|RainDance|[upkeep]\n|upkeep\n|turn|2\n|\n|t:|1735747392\n|-terastallize|p2a: Ursaluna|Grass\n|move|p2b: Slowbro|Scald|p1b: Pelipper\n|-resisted|p1b: Pelipper\n|-damage|p1b: Pelipper|77/100\n|-status|p1b: Pelipper|brn\n|move|p2a: Ursaluna|Blood Moon|p1b: Pelipper\n|-damage|p1b: Pelipper|0 fnt\n|faint|p1b: Pelipper\n|-damage|p2a: Ursaluna|90/100|[from] item: Life Orb\n|move|p1a: Beartic|Close Combat|p2a: Ursaluna\n|-damage|p2a: Ursaluna|64/100\n|-unboost|p1a: Beartic|def|1\n|-unboost|p1a: Beartic|spd|1\n|\n|-weather|RainDance|[upkeep]\n|upkeep\n|\n|t:|1735747408\n|switch|p1b: Archaludon|Archaludon, L50, M, shiny|100/100\n|turn|3\n|\n|t:|1735747428\n|switch|p2b: Amoonguss|Amoonguss, L50, M, shiny|100/100\n|switch|p1a: Incineroar|Incineroar, L50, M, shiny|100/100\n|-ability|p1a: Incineroar|Intimidate|boost\n|-unboost|p2a: Ursaluna|atk|1\n|-unboost|p2b: Amoonguss|atk|1\n|move|p2a: Ursaluna|Protect|p2a: Ursaluna\n|-singleturn|p2a: Ursaluna|Protect\n|move|p1b: Archaludon|Protect||[still]\n|-fail|p1b: Archaludon\n|\n|-weather|RainDance|[upkeep]\n|upkeep\n|turn|4\n|inactive|MK ASTRO has 30 seconds left.\n|inactive|Evan_egggg has 30 seconds left.\n|\n|t:|1735747460\n|move|p1a: Incineroar|Fake Out|p2b: Amoonguss\n|-damage|p2b: Amoonguss|91/100\n|cant|p2b: Amoonguss|flinch\n|move|p2a: Ursaluna|Earth Power|p1b: Archaludon\n|-supereffective|p1b: Archaludon\n|-damage|p1b: Archaludon|0 fnt\n|faint|p1b: Archaludon\n|-damage|p2a: Ursaluna|54/100|[from] item: Life Orb\n|\n|-weather|RainDance|[upkeep]\n|upkeep\n|\n|t:|1735747466\n|switch|p1b: Beartic|Beartic, L50, M, shiny|100/100\n|turn|5\n|\n|t:|1735747476\n|switch|p2a: Slowbro|Slowbro, L50, F|63/100\n|move|p1a: Incineroar|Fake Out||[still]\n|-hint|Fake Out only works on your first turn out.\n|-fail|p1a: Incineroar\n|move|p2b: Amoonguss|Rage Powder|p2b: Amoonguss\n|-singleturn|p2b: Amoonguss|move: Rage Powder\n|move|p1b: Beartic|Icicle Crash|p2b: Amoonguss\n|-supereffective|p2b: Amoonguss\n|-damage|p2b: Amoonguss|11/100\n|-enditem|p2b: Amoonguss|Sitrus Berry|[eat]\n|-heal|p2b: Amoonguss|36/100|[from] item: Sitrus Berry\n|\n|-weather|RainDance|[upkeep]\n|-fieldend|move: Trick Room\n|upkeep\n|turn|6\n|\n|t:|1735747499\n|move|p2b: Amoonguss|Rage Powder|p2b: Amoonguss\n|-singleturn|p2b: Amoonguss|move: Rage Powder\n|move|p1b: Beartic|Icicle Crash|p2b: Amoonguss\n|-supereffective|p2b: Amoonguss\n|-damage|p2b: Amoonguss|0 fnt\n|faint|p2b: Amoonguss\n|move|p1a: Incineroar|Knock Off|p2a: Slowbro\n|-supereffective|p2a: Slowbro\n|-damage|p2a: Slowbro|15/100\n|-enditem|p2a: Slowbro|Lum Berry|[from] move: Knock Off|[of] p1a: Incineroar\n|move|p2a: Slowbro|Trick Room|p2a: Slowbro\n|-fieldstart|move: Trick Room|[of] p2a: Slowbro\n|\n|-weather|RainDance|[upkeep]\n|upkeep\n|\n|t:|1735747512\n|switch|p2b: Ursaluna|Ursaluna-Bloodmoon, L50, M, tera:Grass|54/100\n|turn|7\n|\n|t:|1735747528\n|-terastallize|p1a: Incineroar|Water\n|move|p2a: Slowbro|Slack Off|p2a: Slowbro\n|-heal|p2a: Slowbro|65/100\n|move|p2b: Ursaluna|Earth Power|p1b: Beartic\n|-damage|p1b: Beartic|51/100\n|-damage|p2b: Ursaluna|44/100|[from] item: Life Orb\n|move|p1a: Incineroar|Knock Off|p2a: Slowbro\n|-supereffective|p2a: Slowbro\n|-damage|p2a: Slowbro|32/100\n|move|p1b: Beartic|Icicle Crash|p2b: Ursaluna\n|-supereffective|p2b: Ursaluna\n|-damage|p2b: Ursaluna|0 fnt\n|faint|p2b: Ursaluna\n|\n|-weather|RainDance|[upkeep]\n|upkeep\n|\n|t:|1735747539\n|switch|p2b: Murkrow|Murkrow, L50, M|100/100\n|turn|8\n|\n|t:|1735747554\n|move|p2a: Slowbro|Scald|p1b: Beartic\n|-damage|p1b: Beartic|18/100\n|-status|p1b: Beartic|brn\n|move|p1a: Incineroar|Knock Off|p2a: Slowbro\n|-supereffective|p2a: Slowbro\n|-damage|p2a: Slowbro|0 fnt\n|faint|p2a: Slowbro\n|move|p2b: Murkrow|Foul Play|p1b: Beartic\n|-damage|p1b: Beartic|0 fnt\n|faint|p1b: Beartic\n|\n|-weather|none\n|upkeep\n|turn|9\n|\n|t:|1735747566\n|move|p2b: Murkrow|Protect|p2b: Murkrow\n|-singleturn|p2b: Murkrow|Protect\n|move|p1a: Incineroar|Will-O-Wisp|p2b: Murkrow\n|-activate|p2b: Murkrow|move: Protect\n|\n|upkeep\n|turn|10\n|\n|t:|1735747569\n|move|p1a: Incineroar|Will-O-Wisp|p2b: Murkrow\n|-status|p2b: Murkrow|brn\n|move|p2b: Murkrow|Tailwind|p2b: Murkrow\n|-sidestart|p2: Evan_egggg|move: Tailwind\n|\n|-damage|p2b: Murkrow|95/100 brn|[from] brn\n|-fieldend|move: Trick Room\n|upkeep\n|turn|11\n|\n|t:|1735747579\n|move|p2b: Murkrow|Foul Play|p1a: Incineroar\n|-damage|p1a: Incineroar|87/100\n|move|p1a: Incineroar|Knock Off|p2b: Murkrow\n|-resisted|p2b: Murkrow\n|-damage|p2b: Murkrow|75/100 brn\n|-enditem|p2b: Murkrow|Eviolite|[from] move: Knock Off|[of] p1a: Incineroar\n|\n|-damage|p2b: Murkrow|69/100 brn|[from] brn\n|upkeep\n|turn|12\n|\n|t:|1735747586\n|move|p2b: Murkrow|Foul Play|p1a: Incineroar\n|-damage|p1a: Incineroar|73/100\n|move|p1a: Incineroar|Knock Off|p2b: Murkrow\n|-resisted|p2b: Murkrow\n|-damage|p2b: Murkrow|47/100 brn\n|\n|-damage|p2b: Murkrow|41/100 brn|[from] brn\n|upkeep\n|turn|13\n|\n|t:|1735747593\n|move|p2b: Murkrow|Foul Play|p1a: Incineroar\n|-damage|p1a: Incineroar|59/100\n|move|p1a: Incineroar|Knock Off|p2b: Murkrow\n|-resisted|p2b: Murkrow\n|-damage|p2b: Murkrow|21/100 brn\n|\n|-damage|p2b: Murkrow|15/100 brn|[from] brn\n|-sideend|p2: Evan_egggg|move: Tailwind\n|upkeep\n|turn|14\n|-message|Evan_egggg forfeited.\n|\n|win|MK ASTRO\n|raw|MK ASTRO's rating: 1137 &rarr; <strong>1166</strong><br />(+29 for winning)\n|raw|Evan_egggg's rating: 1193 &rarr; <strong>1164</strong><br />(-29 for losing)\n|l|\u2606Evan_egggg\n|player|p2|\n|l|\u2606MK ASTRO\n|player|p1|\n",
  "uploadtime": 1735747920,
  "views": 116,
  "formatid": "gen9vgc2024regh",
  "rating": 1164,
  "private": 0,
  "password": null
}