{
  "id": "gen9vgc2024regh-2273195885",
  "format": "[Gen 9] VGC 2024 Reg H",
  "players": [
    "octopi",
    "klbkv"
  ],
  "log": "|j|\u2606octopi\n|j|\u2606klbkv\n|t:|1735748411\n|gametype|doubles\n|player|p1|octopi|harlequin|1133\n|player|p2|klbkv|hilbert|1129\n|teamsize|p1|6\n|teamsize|p2|6\n|gen|9\n|tier|[Gen 9] VGC 2024 Reg H\n|rated|\n|rule|Species Clause: Limit one of each Pok\u00e9mon\n|rule|Item Clause: Limit 1 of each item\n|clearpoke\n|poke|p1|Gliscor, L50, M|\n|poke|p1|Quaquaval, L50, F|\n|poke|p1|Archaludon, L50, F|\n|poke|p1|Pelipper, L50, F|\n|poke|p1|Vikavolt, L50, F|\n|poke|p1|Rillaboom, L50, F|\n|poke|p2|Gholdengo, L50|\n|poke|p2|Incineroar, L50, M|\n|poke|p2|Decidueye-Hisui, L50, F|\n|poke|p2|Ursaluna, L50, F|\n|poke|p2|Porygon2, L50|\n|poke|p2|Amoonguss, L50, F|\n|teampreview|4\n|inactive|Battle timer is ON: inactive players will automatically lose when time's up. (requested by klbkv)\n|inactive|octopi has 60 seconds left.\n|inactive|klbkv has 60 seconds left.\n|inactive|octopi has 30 seconds left.\n|inactive|octopi has 20 seconds left.\n|inactive|octopi has 15 seconds left.\n|\n|t:|1735748488\n|start\n|switch|p1a: Rillaboom|Rillaboom, L50, F|100/100\n|switch|p1b: Vikavolt|Vikavolt, L50, F|100/100\n|switch|p2a: Porygon2|Porygon2, L50|100/100\n|switch|p2b: Decidueye|Decidueye-Hisui, L50, F|100/100\n|-fieldstart|move: Grassy Terrain|[from] ability: Grassy Surge|[of] p1a: Rillaboom\n|-ability|p2a: Porygon2|Download|boost\n|-boost|p2a: Porygon2|spa|1\n|turn|1\n|inactive|octopi has 30 seconds left.\n|\n|t:|1735748514\n|-terastallize|p2b: Decidueye|Grass\n|move|p1a: Rillaboom|Fake Out|p2a: Porygon2\n|-damage|p2a: Porygon2|91/100\n|move|p2b: Decidueye|Brave Bird|p1a: Rillaboom\n|-supereffective|p1a: Rillaboom\n|-damage|p1a: Rillaboom|26/100\n|-damage|p2b: Decidueye|71/100|[from] Recoil\n|move|p1b: Vikavolt|Bug Buzz|p2a: Porygon2\n|-damage|p2a: Porygon2|42/100\n|-unboost|p2a: Porygon2|spd|1\n|cant|p2a: Porygon2|flinch\n|\n|-heal|p1a: Rillaboom|32/100|[from] Grassy Terrain\n|-heal|p1a: Rillaboom|38/100|[from] item: Leftovers\n|-heal|p2a: Porygon2|48/100|[from] Grassy Terrain\n|-heal|p2b: Decidueye|77/100|[from] Grassy Terrain\n|upkeep\n|turn|2\n|inactive|octopi has 30 seconds left.\n|\n|t:|1735748542\n|switch|p1a: Gliscor|Gliscor, L50, M|100/100\n|move|p2b: Decidueye|Triple Arrows|p1a: Gliscor\n|-resisted|p1a: Gliscor\n|-damage|p1a: Gliscor|82/100\n|move|p1b: Vikavolt|Bug Buzz|p2b: Decidueye\n|-supereffective|p2b: Decidueye\n|-crit|p2b: Decidueye\n|-damage|p2b: Decidueye|0 fnt\n|faint|p2b: Decidueye\n|move|p2a: Porygon2|Trick Room|p2a: Porygon2\n|-fieldstart|move: Trick Room|[of] p2a: Porygon2\n|\n|-heal|p2a: Porygon2|55/100|[from] Grassy Terrain\n|-status|p1a: Gliscor|tox|[from] item: Toxic Orb\n|upkeep\n|\n|t:|1735748559\n|switch|p2b: Amoonguss|Amoonguss, L50, F|100/100\n|turn|3\n|inactive|octopi has 30 seconds left.\n|inactive|octopi has 20 seconds left.\n|inactive|octopi has 15 seconds left.\n|inactive|octopi has 10 seconds left.\n|\n|t:|1735748607\n|switch|p1b: Rillaboom|Rillaboom, L50, F|38/100\n|move|p2b: Amoonguss|Spore||[still]\n|-fail|p2b: Amoonguss\n|move|p2a: Porygon2|Recover|p2a: Porygon2\n|-heal|p2a: Porygon2|100/100\n|move|p1a: Gliscor|Earthquake|p2b: Amoonguss|[spread] p1b,p2a,p2b\n|-resisted|p1b: Rillaboom\n|-damage|p1b: Rillaboom|32/100\n|-damage|p2a: Porygon2|92/100\n|-damage|p2b: Amoonguss|91/100\n|\n|-heal|p2b: Amoonguss|97/100|[from] Grassy Terrain\n|-heal|p2a: Porygon2|98/100|[from] Grassy Terrain\n|-heal|p1b: Rillaboom|38/100|[from] Grassy Terrain\n|-heal|p1b: Rillaboom|44/100|[from] item: Leftovers\n|-heal|p1a: Gliscor|94/100 tox|[from] ability: Poison Heal\n|upkeep\n|turn|4\n|inactive|octopi has 30 seconds left.\n|inactive|octopi has 20 seconds left.\n|inactive|octopi has 15 seconds left.\n|\n|t:|1735748647\n|move|p1b: Rillaboom|Fake Out|p2a: Porygon2\n|-damage|p2a: Porygon2|89/100\n|move|p2b: Amoonguss|Sludge Bomb|p1b: Rillaboom\n|-supereffective|p1b: Rillaboom\n|-damage|p1b: Rillaboom|0 fnt\n|faint|p1b: Rillaboom\n|cant|p2a: Porygon2|flinch\n|move|p1a: Gliscor|Swords Dance|p1a: Gliscor\n|-boost|p1a: Gliscor|atk|2\n|\n|-heal|p2b: Amoonguss|100/100|[from] Grassy Terrain\n|-heal|p2a: Porygon2|95/100|[from] Grassy Terrain\n|-heal|p1a: Gliscor|100/100 tox|[from] ability: Poison Heal\n|upkeep\n|\n|t:|1735748661\n|switch|p1b: Vikavolt|Vikavolt, L50, F|100/100\n|turn|5\n|inactive|octopi has 30 seconds left.\n|inactive|octopi has 20 seconds left.\n|\n|t:|1735748699\n|-terastallize|p1a: Gliscor|Water\n|move|p2b: Amoonguss|Sludge Bomb|p1b: Vikavolt\n|-damage|p1b: Vikavolt|70/100\n|move|p1b: Vikavolt|Volt Switch|p2a: Porygon2\n|-damage|p2a: Porygon2|29/100\n|\n|t:|1735748707\n|switch|p1b: Quaquaval|Quaquaval, L50, F, shiny|100/100|[from] Volt Switch\n|move|p2a: Porygon2|Ice Beam|p1a: Gliscor\n|-resisted|p1a: Gliscor\n|-damage|p1a: Gliscor|82/100 tox\n|move|p1a: Gliscor|Earthquake|p2b: Amoonguss|[spread] p1b,p2a,p2b\n|-crit|p2b: Amoonguss\n|-damage|p1b: Quaquaval|68/100\n|-damage|p2a: Porygon2|13/100\n|-damage|p2b: Amoonguss|73/100\n|\n|-heal|p2b: Amoonguss|79/100|[from] Grassy Terrain\n|-heal|p2a: Porygon2|19/100|[from] Grassy Terrain\n|-heal|p1a: Gliscor|88/100 tox|[from] Grassy Terrain\n|-heal|p1b: Quaquaval|74/100|[from] Grassy Terrain\n|-heal|p1a: Gliscor|100/100 tox|[from] ability: Poison Heal\n|-fieldend|move: Grassy Terrain\n|upkeep\n|turn|6\n|inactive|octopi has 30 seconds left.\n|inactive|octopi has 20 seconds left.\n|\n|t:|1735748746\n|switch|p2a: Gholdengo|Gholdengo, L50|100/100\n|move|p2b: Amoonguss|Spore||[still]\n|-fail|p2b: Amoonguss\n|move|p1a: Gliscor|Rock Slide|p2b: Amoonguss|[spread] p2a,p2b\n|-resisted|p2a: Gholdengo\n|-damage|p2a: Gholdengo|86/100\n|-damage|p2b: Amoonguss|60/100\n|move|p1b: Quaquaval|Aqua Step|p2a: Gholdengo\n|-damage|p2a: Gholdengo|46/100\n|-boost|p1b: Quaquaval|spe|1\n|\n|-fieldend|move: Trick Room\n|upkeep\n|turn|7\n|inactive|octopi has 30 seconds left.\n|inactive|klbkv has 30 seconds left.\n|inactive|octopi has 20 seconds left.\n|inactive|octopi has 15 seconds left.\n|\n|t:|1735748791\n|move|p1b: Quaquaval|Ice Spinner|p2b: Amoonguss\n|-supereffective|p2b: Amoonguss\n|-damage|p2b: Amoonguss|21/100\n|move|p2a: Gholdengo|Shadow Ball|p1a: Gliscor\n|-damage|p1a: Gliscor|53/100 tox\n|-damage|p2a: Gholdengo|36/100|[from] item: Life Orb\n|move|p1a: Gliscor|Earthquake|p2b: Amoonguss|[spread] p1b,p2a,p2b\n|-supereffective|p2a: Gholdengo\n|-damage|p1b: Quaquaval|13/100\n|-damage|p2a: Gholdengo|0 fnt\n|-damage|p2b: Amoonguss|0 fnt\n|faint|p2a: Gholdengo\n|faint|p2b: Amoonguss\n|\n|-heal|p1a: Gliscor|65/100 tox|[from] ability: Poison Heal\n|upkeep\n|\n|t:|1735748803\n|switch|p2a: Porygon2|Porygon2, L50|19/100\n|-ability|p2a: Porygon2|Download|boost\n|-boost|p2a: Porygon2|spa|1\n|turn|8\n|\n|t:|1735748823\n|move|p1b: Quaquaval|Close Combat|p2a: Porygon2\n|-supereffective|p2a: Porygon2\n|-damage|p2a: Porygon2|0 fnt\n|-unboost|p1b: Quaquaval|def|1\n|-unboost|p1b: Quaquaval|spd|1\n|faint|p2a: Porygon2\n|\n|win|octopi\n|raw|octopi's rating: 1133 &rarr; <strong>1158</strong><br />(+25 for winning)\n|raw|klbkv's rating: 1129 &rarr; <strong>1104</strong><br />(-25 for losing)\n|l|\u2606klbkv\n|player|p2|\n|l|\u2606octopi\n|player|p1|\n",
  "uploadtime": 1735749166,
  "views": 124,
  "formatid": "gen9vgc2024regh",
  "rating": 1104,
  "private": 0,
  "password": null
}