{
  "id": "gen9vgc2024regh-2273190756",
  "format": "[Gen 9] VGC 2024 Reg H",
  "players": [
    "G901",
    "BichoPelao"
  ],
  "log": "|j|\u2606G901\n|j|\u2606BichoPelao\n|t:|1735747641\n|gametype|doubles\n|player|p1|G901|morty|1613\n|player|p2|BichoPelao|n|1577\n|teamsize|p1|6\n|teamsize|p2|6\n|gen|9\n|tier|[Gen 9] VGC 2024 Reg H\n|rated|\n|rule|Species Clause: Limit one of each Pok\u00e9mon\n|rule|Item Clause: Limit 1 of each item\n|clearpoke\n|poke|p1|Basculegion, L50, M|\n|poke|p1|Pelipper, L50, M|\n|poke|p1|Archaludon, L50, F|\n|poke|p1|Rillaboom, L50, M|\n|poke|p1|Amoonguss, L50, F|\n|poke|p1|Annihilape, L50, F|\n|poke|p2|Kingambit, L50, F|\n|poke|p2|Primarina, L50, M|\n|poke|p2|Sneasler, L50, F|\n|poke|p2|Magmar, L50, M|\n|poke|p2|Rillaboom, L50, M|\n|poke|p2|Dragapult, L50, F|\n|teampreview|4\n|inactive|Battle timer is ON: inactive players will automatically lose when time's up. (requested by BichoPelao)\n|inactive|G901 has 60 seconds left.\n|inactive|BichoPelao has 60 seconds left.\n|\n|t:|1735747685\n|start\n|switch|p1a: Pelipper|Pelipper, L50, M|100/100\n|switch|p1b: Archaludon|Archaludon, L50, F|100/100\n|switch|p2a: Sneasler|Sneasler, L50, F|100/100\n|switch|p2b: Rillaboom|Rillaboom, L50, M|100/100\n|-weather|RainDance|[from] ability: Drizzle|[of] p1a: Pelipper\n|-fieldstart|move: Grassy Terrain|[from] ability: Grassy Surge|[of] p2b: Rillaboom\n|turn|1\n|inactive|G901 has 30 seconds left.\n|inactive|G901 has 20 seconds left.\n|\n|t:|1735747722\n|-terastallize|p1a: Pelipper|Ghost\n|move|p1b: Archaludon|Protect|p1b: Archaludon\n|-singleturn|p1b: Archaludon|Protect\n|move|p2a: Sneasler|Fake Out|p1a: Pelipper\n|-immune|p1a: Pelipper\n|move|p1a: Pelipper|Tailwind|p1a: Pelipper\n|-sidestart|p1: G901|move: Tailwind\n|move|p2b: Rillaboom|Wood Hammer|p1a: Pelipper\n|-enditem|p1a: Pelipper|Focus Sash\n|-damage|p1a: Pelipper|1/100\n|-damage|p2b: Rillaboom|79/100|[from] Recoil\n|\n|-weather|RainDance|[upkeep]\n|-heal|p1a: Pelipper|7/100|[from] Grassy Terrain\n|-heal|p2b: Rillaboom|84/100|[from] Grassy Terrain\n|upkeep\n|turn|2\n|inactive|G901 has 30 seconds left.\n|inactive|G901 has 20 seconds left.\n|inactive|G901 has 15 seconds left.\n|inactive|G901 has 10 seconds left.\n|inactive|G901 has 5 seconds left.\n|\n|t:|1735747777\n|move|p2b: Rillaboom|Grassy Glide|p1a: Pelipper\n|-damage|p1a: Pelipper|0 fnt\n|faint|p1a: Pelipper\n|move|p1b: Archaludon|Body Press|p2b: Rillaboom\n|-damage|p2b: Rillaboom|62/100\n|move|p2a: Sneasler|Close Combat|p1b: Archaludon\n|-supereffective|p1b: Archaludon\n|-damage|p1b: Archaludon|3/100\n|-unboost|p2a: Sneasler|def|1\n|-unboost|p2a: Sneasler|spd|1\n|-ability|p1b: Archaludon|Stamina|boost\n|-boost|p1b: Archaludon|def|1\n|-enditem|p1b: Archaludon|Sitrus Berry|[eat]\n|-heal|p1b: Archaludon|28/100|[from] item: Sitrus Berry\n|\n|-weather|RainDance|[upkeep]\n|-heal|p1b: Archaludon|34/100|[from] Grassy Terrain\n|-heal|p2b: Rillaboom|68/100|[from] Grassy Terrain\n|upkeep\n|inactive|G901 has 30 seconds left.\n|\n|t:|1735747804\n|switch|p1a: Basculegion|Basculegion, L50, M|100/100\n|turn|3\n|\n|t:|1735747837\n|switch|p1a: Amoonguss|Amoonguss, L50, F|100/100\n|switch|p2a: Primarina|Primarina, L50, M|100/100\n|move|p2b: Rillaboom|Grassy Glide|p1a: Amoonguss\n|-resisted|p1a: Amoonguss\n|-damage|p1a: Amoonguss|90/100\n|move|p1b: Archaludon|Electro Shot||[still]\n|-prepare|p1b: Archaludon|Electro Shot\n|-boost|p1b: Archaludon|spa|1\n|-anim|p1b: Archaludon|Electro Shot|p2a: Primarina\n|-supereffective|p2a: Primarina\n|-damage|p2a: Primarina|0 fnt\n|faint|p2a: Primarina\n|\n|-weather|RainDance|[upkeep]\n|-heal|p1b: Archaludon|40/100|[from] Grassy Terrain\n|-heal|p2b: Rillaboom|74/100|[from] Grassy Terrain\n|-heal|p1a: Amoonguss|96/100|[from] Grassy Terrain\n|upkeep\n|\n|t:|1735747857\n|switch|p2a: Magmar|Magmar, L50, M|100/100\n|turn|4\n|\n|t:|1735747876\n|move|p2a: Magmar|Follow Me|p2a: Magmar\n|-singleturn|p2a: Magmar|move: Follow Me\n|move|p1a: Amoonguss|Rage Powder|p1a: Amoonguss\n|-singleturn|p1a: Amoonguss|move: Rage Powder\n|move|p1b: Archaludon|Electro Shot||[still]\n|-prepare|p1b: Archaludon|Electro Shot\n|-boost|p1b: Archaludon|spa|1\n|-anim|p1b: Archaludon|Electro Shot|p2a: Magmar\n|-damage|p2a: Magmar|31/100\n|move|p2b: Rillaboom|High Horsepower|p1b: Archaludon\n|-supereffective|p1b: Archaludon\n|-damage|p1b: Archaludon|8/100\n|-ability|p1b: Archaludon|Stamina|boost\n|-boost|p1b: Archaludon|def|1\n|\n|-weather|RainDance|[upkeep]\n|-heal|p1b: Archaludon|14/100|[from] Grassy Terrain\n|-heal|p2a: Magmar|37/100|[from] Grassy Terrain\n|-heal|p2b: Rillaboom|80/100|[from] Grassy Terrain\n|-heal|p1a: Amoonguss|100/100|[from] Grassy Terrain\n|-sideend|p1: G901|move: Tailwind\n|upkeep\n|turn|5\n|\n|t:|1735747899\n|move|p2a: Magmar|Protect|p2a: Magmar\n|-singleturn|p2a: Magmar|Protect\n|move|p2b: Rillaboom|High Horsepower|p1b: Archaludon\n|-supereffective|p1b: Archaludon\n|-damage|p1b: Archaludon|0 fnt\n|faint|p1b: Archaludon\n|move|p1a: Amoonguss|Pollen Puff|p1: Archaludon|[notarget]\n|-fail|p1a: Amoonguss\n|\n|-weather|none\n|-heal|p2a: Magmar|43/100|[from] Grassy Terrain\n|-heal|p2b: Rillaboom|86/100|[from] Grassy Terrain\n|-fieldend|move: Grassy Terrain\n|upkeep\n|j| Analytics Director\n|\n|t:|1735747910\n|switch|p1b: Basculegion|Basculegion, L50, M|100/100\n|turn|6\n|\n|t:|1735747926\n|move|p2a: Magmar|Follow Me|p2a: Magmar\n|-singleturn|p2a: Magmar|move: Follow Me\n|move|p1b: Basculegion|Wave Crash|p2a: Magmar\n|-supereffective|p2a: Magmar\n|-damage|p2a: Magmar|0 fnt\n|faint|p2a: Magmar\n|-damage|p1b: Basculegion|88/100|[from] Recoil\n|move|p2b: Rillaboom|Wood Hammer|p1b: Basculegion\n|-supereffective|p1b: Basculegion\n|-damage|p1b: Basculegion|0 fnt\n|faint|p1b: Basculegion\n|-damage|p2b: Rillaboom|58/100|[from] Recoil\n|move|p1a: Amoonguss|Spore|p2b: Rillaboom\n|-immune|p2b: Rillaboom\n|\n|upkeep\n|\n|t:|1735747931\n|switch|p2a: Sneasler|Sneasler, L50, F|100/100\n|turn|7\n|inactive|G901 has 30 seconds left.\n|inactive|G901 has 20 seconds left.\n|inactive|G901 has 15 seconds left.\n|inactive|G901 has 10 seconds left.\n|inactive|G901 has 5 seconds left.\n|\n|t:|1735747986\n|move|p2a: Sneasler|Fake Out|p1a: Amoonguss\n|-damage|p1a: Amoonguss|86/100\n|move|p2b: Rillaboom|High Horsepower|p1a: Amoonguss\n|-crit|p1a: Amoonguss\n|-damage|p1a: Amoonguss|27/100\n|cant|p1a: Amoonguss|flinch\n|\n|upkeep\n|turn|8\n|\n|t:|1735748009\n|move|p2a: Sneasler|Dire Claw|p1a: Amoonguss\n|-damage|p1a: Amoonguss|0 fnt\n|faint|p1a: Amoonguss\n|\n|win|BichoPelao\n|raw|G901's rating: 1613 &rarr; <strong>1591</strong><br />(-22 for losing)\n|raw|BichoPelao's rating: 1577 &rarr; <strong>1599</strong><br />(+22 for winning)\n|l|\u2606G901\n|player|p1|\n|l|\u2606BichoPelao\n|player|p2|\n|l| Analytics Director\n",
  "uploadtime": 1735748196,
  "views": 151,
  "formatid": "gen9vgc2024regh",
  "rating": 1591,
  "private": 0,
  "password": null
}