{
  "id": "gen9vgc2024regh-2273212502",
  "format": "[Gen 9] VGC 2024 Reg H",
  "players": [
    "luiscarlos_0831",
    "DonCoc0"
  ],
  "log": "|j|\u2606luiscarlos_0831\n|j|\u2606DonCoc0\n|t:|1735750791\n|gametype|doubles\n|player|p1|luiscarlos_0831|101|1433\n|player|p2|DonCoc0|cheren|1522\n|teamsize|p1|6\n|teamsize|p2|6\n|gen|9\n|tier|[Gen 9] VGC 2024 Reg H\n|rated|\n|rule|Species Clause: Limit one of each Pok\u00e9mon\n|rule|Item Clause: Limit 1 of each item\n|clearpoke\n|poke|p1|Incineroar, L50, M|\n|poke|p1|Pelipper, L50, F|\n|poke|p1|Basculegion, L50, M|\n|poke|p1|Amoonguss, L50, F|\n|poke|p1|Maushold-Four, L50|\n|poke|p1|Archaludon, L50, F|\n|poke|p2|Barraskewda, L50, M|\n|poke|p2|Pelipper, L50, M|\n|poke|p2|Murkrow, L50, F|\n|poke|p2|Archaludon, L50, M|\n|poke|p2|Rillaboom, L50, M|\n|poke|p2|Farigiraf, L50, M|\n|teampreview|4\nluiscarlos_0831 rejected open team sheets.\n|inactive|Battle timer is ON: inactive players will automatically lose when time's up. (requested by luiscarlos_0831)\n|inactive|luiscarlos_0831 has 60 seconds left.\n|\n|t:|1735750844\n|start\n|switch|p1a: Incineroar|Incineroar, L50, M|100/100\n|switch|p1b: Archaludon|Archaludon, L50, F|100/100\n|switch|p2a: Melenia|Murkrow, L50, F|100/100\n|switch|p2b: Wallarrrrda|Barraskewda, L50, M, shiny|100/100\n|-ability|p1a: Incineroar|Intimidate|boost\n|-unboost|p2a: Melenia|atk|1\n|-unboost|p2b: Wallarrrrda|atk|1\n|turn|1\n|\n|t:|1735750861\n|move|p2a: Melenia|Tailwind|p2a: Melenia\n|-sidestart|p2: DonCoc0|move: Tailwind\n|move|p2b: Wallarrrrda|Close Combat|p1b: Archaludon\n|-supereffective|p1b: Archaludon\n|-damage|p1b: Archaludon|63/100\n|-unboost|p2b: Wallarrrrda|def|1\n|-unboost|p2b: Wallarrrrda|spd|1\n|-ability|p1b: Archaludon|Stamina|boost\n|-boost|p1b: Archaludon|def|1\n|move|p1b: Archaludon|Electro Shot||[still]\n|-prepare|p1b: Archaludon|Electro Shot\n|-boost|p1b: Archaludon|spa|1\n|move|p1a: Incineroar|Knock Off|p2a: Melenia\n|-resisted|p2a: Melenia\n|-crit|p2a: Melenia\n|-damage|p2a: Melenia|65/100\n|-enditem|p2a: Melenia|Eviolite|[from] move: Knock Off|[of] p1a: Incineroar\n|\n|upkeep\n|turn|2\n|inactive|luiscarlos_0831 has 30 seconds left.\n|\n|t:|1735750889\n|move|p2b: Wallarrrrda|Flip Turn|p1a: Incineroar\n|-supereffective|p1a: Incineroar\n|-damage|p1a: Incineroar|57/100\n|\n|t:|1735750894\n|switch|p2b: Canel\u00f3n|Archaludon, L50, M|100/100|[from] Flip Turn\n|move|p2a: Melenia|Snarl|p1b: Archaludon|[spread] p1a,p1b\n|-resisted|p1a: Incineroar\n|-damage|p1a: Incineroar|52/100\n|-damage|p1b: Archaludon|54/100\n|-unboost|p1a: Incineroar|spa|1\n|-unboost|p1b: Archaludon|spa|1\n|-ability|p1b: Archaludon|Stamina|boost\n|-boost|p1b: Archaludon|def|1\n|move|p1b: Archaludon|Electro Shot|p2b: Canel\u00f3n|[from]lockedmove\n|-resisted|p2b: Canel\u00f3n\n|-damage|p2b: Canel\u00f3n|86/100\n|-ability|p2b: Canel\u00f3n|Stamina|boost\n|-boost|p2b: Canel\u00f3n|def|1\n|move|p1a: Incineroar|Parting Shot|p2a: Melenia\n|-unboost|p2a: Melenia|atk|1\n|-unboost|p2a: Melenia|spa|1\n|\n|t:|1735750913\n|switch|p1a: Basculegion|Basculegion, L50, M|100/100|[from] Parting Shot\n|\n|upkeep\n|turn|3\n|inactive|DonCoc0 has 30 seconds left.\n|\n|t:|1735750947\n|-terastallize|p2b: Canel\u00f3n|Fairy\n|move|p2a: Melenia|Rain Dance|p2a: Melenia\n|-weather|RainDance\n|move|p1a: Basculegion|Wave Crash|p2a: Melenia\n|-damage|p2a: Melenia|0 fnt\n|faint|p2a: Melenia\n|-damage|p1a: Basculegion|82/100|[from] Recoil\n|move|p2b: Canel\u00f3n|Electro Shot||[still]\n|-prepare|p2b: Canel\u00f3n|Electro Shot\n|-boost|p2b: Canel\u00f3n|spa|1\n|-anim|p2b: Canel\u00f3n|Electro Shot|p1a: Basculegion\n|-supereffective|p1a: Basculegion\n|-damage|p1a: Basculegion|0 fnt\n|faint|p1a: Basculegion\n|move|p1b: Archaludon|Dragon Pulse|p2b: Canel\u00f3n\n|-immune|p2b: Canel\u00f3n\n|\n|-weather|RainDance|[upkeep]\n|upkeep\n|\n|t:|1735750968\n|switch|p1a: Incineroar|Incineroar, L50, M|52/100\n|switch|p2a: Rivers 2-0|Rillaboom, L50, M|100/100\n|-fieldstart|move: Grassy Terrain|[from] ability: Grassy Surge|[of] p2a: Rivers 2-0\n|-ability|p1a: Incineroar|Intimidate|boost\n|-unboost|p2a: Rivers 2-0|atk|1\n|-unboost|p2b: Canel\u00f3n|atk|1\n|turn|4\n|\n|t:|1735750983\n|move|p2a: Rivers 2-0|Fake Out|p1b: Archaludon\n|-resisted|p1b: Archaludon\n|-damage|p1b: Archaludon|52/100\n|-ability|p1b: Archaludon|Stamina|boost\n|-boost|p1b: Archaludon|def|1\n|move|p2b: Canel\u00f3n|Electro Shot||[still]\n|-prepare|p2b: Canel\u00f3n|Electro Shot\n|-boost|p2b: Canel\u00f3n|spa|1\n|-anim|p2b: Canel\u00f3n|Electro Shot|p1a: Incineroar\n|-damage|p1a: Incineroar|0 fnt\n|faint|p1a: Incineroar\n|cant|p1b: Archaludon|flinch\n|\n|-weather|RainDance|[upkeep]\n|-heal|p2b: Canel\u00f3n|92/100|[from] Grassy Terrain\n|-heal|p1b: Archaludon|58/100|[from] Grassy Terrain\n|-sideend|p2: DonCoc0|move: Tailwind\n|upkeep\n|\n|t:|1735750992\n|switch|p1a: Pelipper|Pelipper, L50, F|100/100\n|turn|5\n|\n|t:|1735751006\n|move|p1a: Pelipper|Tailwind|p1a: Pelipper\n|-sidestart|p1: luiscarlos_0831|move: Tailwind\n|move|p1b: Archaludon|Flash Cannon|p2b: Canel\u00f3n\n|-supereffective|p2b: Canel\u00f3n\n|-damage|p2b: Canel\u00f3n|34/100\n|-ability|p2b: Canel\u00f3n|Stamina|boost\n|-boost|p2b: Canel\u00f3n|def|1\n|move|p2a: Rivers 2-0|Wood Hammer|p1a: Pelipper\n|-damage|p1a: Pelipper|25/100\n|-damage|p2a: Rivers 2-0|83/100|[from] Recoil\n|move|p2b: Canel\u00f3n|Electro Shot||[still]\n|-prepare|p2b: Canel\u00f3n|Electro Shot\n|-boost|p2b: Canel\u00f3n|spa|1\n|-anim|p2b: Canel\u00f3n|Electro Shot|p1b: Archaludon\n|-resisted|p1b: Archaludon\n|-damage|p1b: Archaludon|25/100\n|-ability|p1b: Archaludon|Stamina|boost\n|-boost|p1b: Archaludon|def|1\n|\n|-weather|RainDance|[upkeep]\n|-heal|p1b: Archaludon|31/100|[from] Grassy Terrain\n|-heal|p2b: Canel\u00f3n|39/100|[from] Grassy Terrain\n|-heal|p2a: Rivers 2-0|89/100|[from] Grassy Terrain\n|upkeep\n|turn|6\n|inactive|luiscarlos_0831 has 30 seconds left.\n|inactive|DonCoc0 has 30 seconds left.\n|\n|t:|1735751040\n|move|p2a: Rivers 2-0|Grassy Glide|p1a: Pelipper\n|-damage|p1a: Pelipper|0 fnt\n|faint|p1a: Pelipper\n|move|p1b: Archaludon|Flash Cannon|p2b: Canel\u00f3n\n|-supereffective|p2b: Canel\u00f3n\n|-damage|p2b: Canel\u00f3n|0 fnt\n|faint|p2b: Canel\u00f3n\n|\n|-weather|RainDance|[upkeep]\n|-heal|p1b: Archaludon|38/100|[from] Grassy Terrain\n|-heal|p2a: Rivers 2-0|95/100|[from] Grassy Terrain\n|upkeep\n|\n|t:|1735751050\n|switch|p2b: Wallarrrrda|Barraskewda, L50, M, shiny|100/100\n|turn|7\n|\n|t:|1735751057\n|move|p2b: Wallarrrrda|Close Combat|p1b: Archaludon\n|-supereffective|p1b: Archaludon\n|-damage|p1b: Archaludon|19/100\n|-unboost|p2b: Wallarrrrda|def|1\n|-unboost|p2b: Wallarrrrda|spd|1\n|-ability|p1b: Archaludon|Stamina|boost\n|-boost|p1b: Archaludon|def|1\n|move|p1b: Archaludon|Electro Shot||[still]\n|-prepare|p1b: Archaludon|Electro Shot\n|-boost|p1b: Archaludon|spa|1\n|-anim|p1b: Archaludon|Electro Shot|p2b: Wallarrrrda\n|-supereffective|p2b: Wallarrrrda\n|-enditem|p2b: Wallarrrrda|Focus Sash\n|-damage|p2b: Wallarrrrda|1/100\n|move|p2a: Rivers 2-0|High Horsepower|p1b: Archaludon\n|-supereffective|p1b: Archaludon\n|-damage|p1b: Archaludon|9/100\n|-ability|p1b: Archaludon|Stamina|boost\n|-boost|p1b: Archaludon|def|1\n|\n|-weather|none\n|-heal|p2b: Wallarrrrda|7/100|[from] Grassy Terrain\n|-heal|p1b: Archaludon|15/100|[from] Grassy Terrain\n|-heal|p2a: Rivers 2-0|100/100|[from] Grassy Terrain\n|upkeep\n|turn|8\n|\n|t:|1735751079\n|move|p1b: Archaludon|Flash Cannon|p2b: Wallarrrrda\n|-resisted|p2b: Wallarrrrda\n|-damage|p2b: Wallarrrrda|0 fnt\n|faint|p2b: Wallarrrrda\n|move|p2a: Rivers 2-0|High Horsepower|p1b: Archaludon\n|-supereffective|p1b: Archaludon\n|-damage|p1b: Archaludon|6/100\n|\n|-heal|p1b: Archaludon|12/100|[from] Grassy Terrain\n|-sideend|p1: luiscarlos_0831|move: Tailwind\n|-fieldend|move: Grassy Terrain\n|upkeep\n|turn|9\n|\n|t:|1735751090\n|move|p1b: Archaludon|Dragon Pulse|p2a: Rivers 2-0\n|-damage|p2a: Rivers 2-0|38/100\n|-enditem|p2a: Rivers 2-0|Sitrus Berry|[eat]\n|-heal|p2a: Rivers 2-0|63/100|[from] item: Sitrus Berry\n|move|p2a: Rivers 2-0|High Horsepower|p1b: Archaludon\n|-supereffective|p1b: Archaludon\n|-damage|p1b: Archaludon|4/100\n|\n|upkeep\n|turn|10\n|\n|t:|1735751102\n|move|p1b: Archaludon|Body Press|p2a: Rivers 2-0\n|-damage|p2a: Rivers 2-0|0 fnt\n|faint|p2a: Rivers 2-0\n|\n|win|luiscarlos_0831\n|raw|luiscarlos_0831's rating: 1433 &rarr; <strong>1458</strong><br />(+25 for winning)\n|raw|DonCoc0's rating: 1522 &rarr; <strong>1497</strong><br />(-25 for losing)\n|l|\u2606luiscarlos_0831\n|player|p1|\n|l|\u2606DonCoc0\n|player|p2|\n",
  "uploadtime": 1735751382,
  "views": 356,
  "formatid": "gen9vgc2024regh",
  "rating": 1458,
  "private": 0,
  "password": null
}