{
  "id": "gen9vgc2024regh-2273151208",
  "format": "[Gen 9] VGC 2024 Reg H",
  "players": [
    "GinMuiMui",
    "pocketzpaz"
  ],
  "log": "|j|\u2606GinMuiMui\n|j|\u2606pocketzpaz\n|t:|1735741117\n|gametype|doubles\n|player|p1|GinMuiMui|101|1000\n|player|p2|pocketzpaz|hilda-wonderlauncher|1092\n|teamsize|p1|6\n|teamsize|p2|6\n|gen|9\n|tier|[Gen 9] VGC 2024 Reg H\n|rated|\n|rule|Species Clause: Limit one of each Pok\u00e9mon\n|rule|Item Clause: Limit 1 of each item\n|clearpoke\n|poke|p1|Gholdengo, L50|\n|poke|p1|Breloom, L50, M|\n|poke|p1|Whimsicott, L50, M|\n|poke|p1|Hydreigon, L50, M|\n|poke|p1|Magmar, L50, M|\n|poke|p1|Garchomp, L50, M|\n|poke|p2|Lilligant-Hisui, L50, F|\n|poke|p2|Yanmega, L50, F|\n|poke|p2|Flapple, L50, M|\n|poke|p2|Ninetales-Alola, L50, F|\n|poke|p2|Sableye, L50, F|\n|poke|p2|Gengar, L50, F|\n|teampreview|4\n|\n|t:|1735741147\n|start\n|switch|p1a: Whimsicott|Whimsicott, L50, M, shiny|100/100\n|switch|p1b: Breloom|Breloom, L50, M, shiny|100/100\n|switch|p2a: LilFreaker|Sableye, L50, F|100/100\n|switch|p2b: BedBuge?|Yanmega, L50, F, shiny|100/100\n|turn|1\n|\n|t:|1735741178\n|move|p2b: BedBuge?|Protect|p2b: BedBuge?\n|-singleturn|p2b: BedBuge?|Protect\n|move|p2a: LilFreaker|Fake Out|p1b: Breloom\n|-damage|p1b: Breloom|89/100\n|move|p1a: Whimsicott|Tailwind|p1a: Whimsicott\n|-sidestart|p1: GinMuiMui|move: Tailwind\n|cant|p1b: Breloom|flinch\n|\n|-ability|p2b: BedBuge?|Speed Boost|boost\n|-boost|p2b: BedBuge?|spe|1\n|upkeep\n|turn|2\n|\n|t:|1735741231\n|move|p2a: LilFreaker|Gravity|p2a: LilFreaker\n|-fieldstart|move: Gravity\n|move|p1a: Whimsicott|Moonblast|p2a: LilFreaker\n|-supereffective|p2a: LilFreaker\n|-damage|p2a: LilFreaker|16/100\n|-enditem|p2a: LilFreaker|Eject Button\n|\n|t:|1735741239\n|switch|p2a: LeanDog|Ninetales-Alola, L50, F, shiny|100/100\n|-weather|Snow|[from] ability: Snow Warning|[of] p2a: LeanDog\n|move|p1b: Breloom|Spore|p2b: BedBuge?\n|-status|p2b: BedBuge?|slp|[from] move: Spore\n|cant|p2b: BedBuge?|slp\n|\n|-weather|Snow|[upkeep]\n|-ability|p2b: BedBuge?|Speed Boost|boost\n|-boost|p2b: BedBuge?|spe|1\n|upkeep\n|turn|3\n|\n|t:|1735741293\n|-curestatus|p2b: BedBuge?|slp|[msg]\n|move|p2b: BedBuge?|Tailwind|p2b: BedBuge?\n|-sidestart|p2: pocketzpaz|move: Tailwind\n|move|p2a: LeanDog|Blizzard|p1b: Breloom|[spread] p1a,p1b\n|-supereffective|p1a: Whimsicott\n|-supereffective|p1b: Breloom\n|-damage|p1a: Whimsicott|9/100\n|-damage|p1b: Breloom|0 fnt\n|faint|p1b: Breloom\n|move|p1a: Whimsicott|Moonblast|p2b: BedBuge?\n|-damage|p2b: BedBuge?|47/100\n|\n|-weather|Snow|[upkeep]\n|-ability|p2b: BedBuge?|Speed Boost|boost\n|-boost|p2b: BedBuge?|spe|1\n|upkeep\n|\n|t:|1735741318\n|switch|p1b: Gholdengo|Gholdengo, L50, shiny|100/100\n|turn|4\n|\n|t:|1735741355\n|-terastallize|p1b: Gholdengo|Steel\n|move|p2a: LeanDog|Protect|p2a: LeanDog\n|-singleturn|p2a: LeanDog|Protect\n|move|p2b: BedBuge?|Air Slash|p1a: Whimsicott\n|-supereffective|p1a: Whimsicott\n|-damage|p1a: Whimsicott|0 fnt\n|faint|p1a: Whimsicott\n|move|p1b: Gholdengo|Make It Rain|p2b: BedBuge?|[spread] p2b\n|-activate|p2a: LeanDog|move: Protect\n|-damage|p2b: BedBuge?|0 fnt\n|-unboost|p1b: Gholdengo|spa|1\n|faint|p2b: BedBuge?\n|-damage|p1b: Gholdengo|91/100|[from] item: Life Orb\n|\n|-weather|Snow|[upkeep]\n|-sideend|p1: GinMuiMui|move: Tailwind\n|upkeep\n|inactive|Battle timer is ON: inactive players will automatically lose when time's up. (requested by pocketzpaz)\n|inactive|GinMuiMui has 60 seconds left.\n|c|\u2606pocketzpaz|yeah?\n|inactive|GinMuiMui has 30 seconds left.\n|inactive|GinMuiMui has 20 seconds left.\n|inactive|GinMuiMui has 15 seconds left.\n|inactive|GinMuiMui has 10 seconds left.\n|inactive|GinMuiMui has 5 seconds left.\n|\n|t:|1735741551\n|switch|p2b: LilFreaker|Sableye, L50, F|16/100\n|switch|p1a: Garchomp|Garchomp, L50, M, shiny|100/100\n|turn|5\n|\n|t:|1735741563\n|move|p2b: LilFreaker|Fake Out|p1b: Gholdengo\n|-resisted|p1b: Gholdengo\n|-damage|p1b: Gholdengo|87/100\n|move|p2a: LeanDog|Blizzard|p1a: Garchomp|[spread] p1a,p1b\n|-supereffective|p1a: Garchomp\n|-crit|p1a: Garchomp\n|-resisted|p1b: Gholdengo\n|-damage|p1a: Garchomp|0 fnt\n|-damage|p1b: Gholdengo|66/100\n|-status|p1b: Gholdengo|frz\n|faint|p1a: Garchomp\n|cant|p1b: Gholdengo|frz\n|\n|-weather|Snow|[upkeep]\n|upkeep\n|turn|6\n|\n|t:|1735741584\n|-terastallize|p2a: LeanDog|Ghost\n|move|p2a: LeanDog|Hex|p1b: Gholdengo\n|-damage|p1b: Gholdengo|1/100 frz\n|cant|p1b: Gholdengo|frz\n|move|p2b: LilFreaker|Knock Off|p1b: Gholdengo\n|-damage|p1b: Gholdengo|0 fnt\n|-enditem|p1b: Gholdengo|Life Orb|[from] move: Knock Off|[of] p2b: LilFreaker\n|faint|p1b: Gholdengo\n|\n|win|pocketzpaz\n|raw|GinMuiMui's rating: 1000 &rarr; <strong>1000</strong><br />(+0 for losing)\n|raw|pocketzpaz's rating: 1092 &rarr; <strong>1111</strong><br />(+19 for winning)\n|l|\u2606GinMuiMui\n|player|p1|\n|c|\u2606pocketzpaz|get clapped\n",
  "uploadtime": 1735741601,
  "views": 103,
  "formatid": "gen9vgc2024regh",
  "rating": 1000,
  "private": 0,
  "password": null
}