{
  "id": "gen9vgc2024regh-2273187406",
  "format": "[Gen 9] VGC 2024 Reg H",
  "players": [
    "inferno_on_top",
    "Puituti39"
  ],
  "log": "|j|\u2606inferno_on_top\n|j|\u2606Puituti39\n|t:|1735747122\n|gametype|doubles\n|player|p1|inferno_on_top|gentleman-gen4|1463\n|player|p2|Puituti39|265|1557\n|teamsize|p1|6\n|teamsize|p2|6\n|gen|9\n|tier|[Gen 9] VGC 2024 Reg H\n|rated|\n|rule|Species Clause: Limit one of each Pok\u00e9mon\n|rule|Item Clause: Limit 1 of each item\n|clearpoke\n|poke|p1|Dragapult, L50, M|\n|poke|p1|Whimsicott, L50, M|\n|poke|p1|Archaludon, L50, F|\n|poke|p1|Dondozo, L50, M|\n|poke|p1|Tatsugiri, L50, F|\n|poke|p1|Bisharp, L50, M|\n|poke|p2|Charizard, L50, F|\n|poke|p2|Ursaluna, L50, M|\n|poke|p2|Incineroar, L50, F|\n|poke|p2|Porygon2, L50|\n|poke|p2|Whimsicott, L50, F|\n|poke|p2|Kingambit, L50, F|\n|teampreview|4\n|inactive|Battle timer is ON: inactive players will automatically lose when time's up. (requested by inferno_on_top)\n|\n|t:|1735747152\n|start\n|switch|p1a: Draga|Dragapult, L50, M|100/100\n|switch|p1b: Dozo|Dondozo, L50, M|100/100\n|switch|p2a: Whimsicott|Whimsicott, L50, F|100/100\n|switch|p2b: Charizard|Charizard, L50, F|100/100\n|turn|1\n|\n|t:|1735747166\n|switch|p1a: Commander|Tatsugiri, L50, F|100/100\n|-activate|p1a: Commander|ability: Commander|[of] p1b: Dozo\n|-boost|p1b: Dozo|atk|2\n|-boost|p1b: Dozo|spa|2\n|-boost|p1b: Dozo|spe|2\n|-boost|p1b: Dozo|def|2\n|-boost|p1b: Dozo|spd|2\n|switch|p2b: Kingambit|Kingambit, L50, F|100/100\n|move|p2a: Whimsicott|Tailwind|p2a: Whimsicott\n|-sidestart|p2: Puituti39|move: Tailwind\n|move|p1b: Dozo|Wave Crash|p2b: Kingambit\n|-damage|p2b: Kingambit|28/100\n|-damage|p1b: Dozo|78/100|[from] Recoil\n|\n|upkeep\n|turn|2\n|\n|t:|1735747187\n|move|p2a: Whimsicott|Moonblast|p1b: Dozo\n|-damage|p1b: Dozo|66/100\n|move|p1b: Dozo|Wave Crash|p2b: Kingambit\n|-damage|p2b: Kingambit|0 fnt\n|faint|p2b: Kingambit\n|-damage|p1b: Dozo|58/100|[from] Recoil\n|\n|upkeep\n|\n|t:|1735747193\n|switch|p2b: Charizard|Charizard, L50, F|100/100\n|turn|3\n|\n|t:|1735747198\n|-terastallize|p2b: Charizard|Grass\n|move|p2a: Whimsicott|Sunny Day|p2a: Whimsicott\n|-weather|SunnyDay\n|move|p2b: Charizard|Solar Beam||[still]\n|-prepare|p2b: Charizard|Solar Beam\n|-anim|p2b: Charizard|Solar Beam|p1b: Dozo\n|-supereffective|p1b: Dozo\n|-damage|p1b: Dozo|0 fnt\n|faint|p1b: Dozo\n|-damage|p2b: Charizard|91/100|[from] item: Life Orb\n|\n|-weather|SunnyDay|[upkeep]\n|-damage|p2b: Charizard|78/100|[from] ability: Solar Power|[of] p2b: Charizard\n|upkeep\n|\n|t:|1735747209\n|switch|p1b: Bisharp|Bisharp, L50, M|100/100\n|turn|4\n|\n|t:|1735747224\n|-terastallize|p1b: Bisharp|Dark\n|move|p2a: Whimsicott|Fake Tears|p1b: Bisharp\n|-hint|Since gen 7, Dark is immune to Prankster moves.\n|-immune|p1b: Bisharp\n|move|p1b: Bisharp|Sucker Punch|p2b: Charizard\n|-damage|p2b: Charizard|2/100\n|move|p2b: Charizard|Heat Wave|p1a: Commander|[spread] p1a,p1b\n|-resisted|p1a: Commander\n|-damage|p1a: Commander|70/100\n|-damage|p1b: Bisharp|5/100\n|-damage|p2b: Charizard|0 fnt|[from] item: Life Orb\n|faint|p2b: Charizard\n|move|p1a: Commander|Icy Wind|p2a: Whimsicott\n|-supereffective|p2a: Whimsicott\n|-damage|p2a: Whimsicott|42/100\n|-unboost|p2a: Whimsicott|spe|1\n|\n|-weather|SunnyDay|[upkeep]\n|-sideend|p2: Puituti39|move: Tailwind\n|upkeep\n|\n|t:|1735747232\n|switch|p2b: Ursaluna|Ursaluna, L50, M|100/100\n|turn|5\n|\n|t:|1735747256\n|move|p2b: Ursaluna|Protect|p2b: Ursaluna\n|-singleturn|p2b: Ursaluna|Protect\n|move|p1b: Bisharp|Sucker Punch||[still]\n|-fail|p1b: Bisharp\n|move|p1a: Commander|Icy Wind|p2a: Whimsicott|[spread] p2a\n|-activate|p2b: Ursaluna|move: Protect\n|-supereffective|p2a: Whimsicott\n|-damage|p2a: Whimsicott|3/100\n|-unboost|p2a: Whimsicott|spe|1\n|move|p2a: Whimsicott|Moonblast|p1b: Bisharp\n|-supereffective|p1b: Bisharp\n|-crit|p1b: Bisharp\n|-damage|p1b: Bisharp|0 fnt\n|faint|p1b: Bisharp\n|\n|-weather|SunnyDay|[upkeep]\n|-status|p2b: Ursaluna|brn|[from] item: Flame Orb\n|upkeep\n|\n|t:|1735747267\n|switch|p1b: Draga|Dragapult, L50, M|100/100\n|turn|6\n|\n|t:|1735747279\n|move|p2a: Whimsicott|Tailwind|p2a: Whimsicott\n|-sidestart|p2: Puituti39|move: Tailwind\n|move|p1b: Draga|Dragon Darts|p2b: Ursaluna\n|-damage|p2b: Ursaluna|76/100 brn\n|-anim|p1b: Draga|Dragon Darts|p2b: Ursaluna\n|-damage|p2b: Ursaluna|51/100 brn\n|-damage|p1b: Draga|91/100|[from] item: Life Orb\n|move|p1a: Commander|Surf|p2b: Ursaluna|[spread] p1b,p2a,p2b\n|-resisted|p1b: Draga\n|-resisted|p2a: Whimsicott\n|-supereffective|p2b: Ursaluna\n|-damage|p1b: Draga|79/100\n|-damage|p2a: Whimsicott|0 fnt\n|-damage|p2b: Ursaluna|18/100 brn\n|faint|p2a: Whimsicott\n|move|p2b: Ursaluna|Headlong Rush|p1b: Draga\n|-damage|p1b: Draga|0 fnt\n|-unboost|p2b: Ursaluna|def|1\n|-unboost|p2b: Ursaluna|spd|1\n|faint|p1b: Draga\n|\n|-weather|SunnyDay|[upkeep]\n|-damage|p2b: Ursaluna|12/100 brn|[from] brn\n|upkeep\n|turn|7\n|\n|t:|1735747297\n|move|p1a: Commander|Protect|p1a: Commander\n|-singleturn|p1a: Commander|Protect\n|move|p2b: Ursaluna|Facade|p1a: Commander\n|-activate|p1a: Commander|move: Protect\n|\n|-weather|none\n|-damage|p2b: Ursaluna|6/100 brn|[from] brn\n|upkeep\n|turn|8\n|\n|t:|1735747304\n|move|p1a: Commander|Surf|p2b: Ursaluna\n|-supereffective|p2b: Ursaluna\n|-damage|p2b: Ursaluna|0 fnt\n|faint|p2b: Ursaluna\n|\n|win|inferno_on_top\n|raw|inferno_on_top's rating: 1463 &rarr; <strong>1488</strong><br />(+25 for winning)\n|raw|Puituti39's rating: 1557 &rarr; <strong>1532</strong><br />(-25 for losing)\n|l|\u2606Puituti39\n|player|p2|\n|l|\u2606inferno_on_top\n|player|p1|\n",
  "uploadtime": 1735747504,
  "views": 135,
  "formatid": "gen9vgc2024regh",
  "rating": 1488,
  "private": 0,
  "password": null
}