{
  "id": "gen9vgc2024regh-2273140928",
  "format": "[Gen 9] VGC 2024 Reg H",
  "players": [
    "bstelios99",
    "redbrood"
  ],
  "log": "|j|\u203dbstelios99\n|j|\u2606redbrood\n|t:|1735739158\n|gametype|doubles\n|player|p1|bstelios99|102|1222\n|player|p2|redbrood|266|1327\n|teamsize|p1|6\n|teamsize|p2|6\n|gen|9\n|tier|[Gen 9] VGC 2024 Reg H\n|rated|\n|rule|Species Clause: Limit one of each Pok\u00e9mon\n|rule|Item Clause: Limit 1 of each item\n|clearpoke\n|poke|p1|Pelipper, L50, F|\n|poke|p1|Archaludon, L50, F|\n|poke|p1|Basculegion, L50, M|\n|poke|p1|Toxicroak, L50, F|\n|poke|p1|Incineroar, L50, F|\n|poke|p1|Amoonguss, L50, F|\n|poke|p2|Grimmsnarl, L50, M|\n|poke|p2|Volcarona, L50, F|\n|poke|p2|Oricorio-Sensu, L50, F|\n|poke|p2|Incineroar, L50, M|\n|poke|p2|Archaludon, L50, M|\n|poke|p2|Politoed, L50, M|\n|teampreview|4\n|inactive|Battle timer is ON: inactive players will automatically lose when time's up. (requested by redbrood)\nredbrood has agreed to open team sheets.\n|\n|t:|1735739183\n|start\n|switch|p1a: Pelipper|Pelipper, L50, F|100/100\n|switch|p1b: Archaludon|Archaludon, L50, F|100/100\n|switch|p2a: Incineroar|Incineroar, L50, M|100/100\n|switch|p2b: Volcarona|Volcarona, L50, F|100/100\n|-weather|RainDance|[from] ability: Drizzle|[of] p1a: Pelipper\n|-ability|p2a: Incineroar|Intimidate|boost\n|-unboost|p1a: Pelipper|atk|1\n|-unboost|p1b: Archaludon|atk|1\n|turn|1\n|inactive|redbrood has 30 seconds left.\n|\n|t:|1735739209\n|move|p2a: Incineroar|Fake Out|p1a: Pelipper\n|-damage|p1a: Pelipper|87/100\n|move|p2b: Volcarona|Quiver Dance|p2b: Volcarona\n|-boost|p2b: Volcarona|spa|1\n|-boost|p2b: Volcarona|spd|1\n|-boost|p2b: Volcarona|spe|1\n|cant|p1a: Pelipper|flinch\n|move|p1b: Archaludon|Body Press|p2a: Incineroar\n|-supereffective|p2a: Incineroar\n|-damage|p2a: Incineroar|69/100\n|-enditem|p2a: Incineroar|Eject Button\n|\n|t:|1735739221\n|switch|p2a: Archaludon|Archaludon, L50, M|100/100\n|\n|-weather|RainDance|[upkeep]\n|upkeep\n|turn|2\n|\n|t:|1735739245\n|move|p2b: Volcarona|Protect|p2b: Volcarona\n|-singleturn|p2b: Volcarona|Protect\n|move|p1a: Pelipper|Weather Ball|p2b: Volcarona\n|-activate|p2b: Volcarona|move: Protect\n|move|p1b: Archaludon|Electro Shot||[still]\n|-prepare|p1b: Archaludon|Electro Shot\n|-boost|p1b: Archaludon|spa|1\n|-anim|p1b: Archaludon|Electro Shot|p2b: Volcarona\n|-activate|p2b: Volcarona|move: Protect\n|move|p2a: Archaludon|Electro Shot||[still]\n|-prepare|p2a: Archaludon|Electro Shot\n|-boost|p2a: Archaludon|spa|1\n|-anim|p2a: Archaludon|Electro Shot|p1a: Pelipper\n|-supereffective|p1a: Pelipper\n|-damage|p1a: Pelipper|0 fnt\n|faint|p1a: Pelipper\n|\n|-weather|RainDance|[upkeep]\n|upkeep\n|\n|t:|1735739263\n|switch|p1a: Toxicroak|Toxicroak, L50, F|100/100\n|turn|3\n|\n|t:|1735739279\n|switch|p2b: Incineroar|Incineroar, L50, M|69/100\n|-ability|p2b: Incineroar|Intimidate|boost\n|-fail|p1a: Toxicroak|unboost|[from] item: Clear Amulet|[of] p1a: Toxicroak\n|-unboost|p1b: Archaludon|atk|1\n|move|p1a: Toxicroak|Close Combat|p2a: Archaludon\n|-supereffective|p2a: Archaludon\n|-damage|p2a: Archaludon|14/100\n|-unboost|p1a: Toxicroak|def|1\n|-unboost|p1a: Toxicroak|spd|1\n|-ability|p2a: Archaludon|Stamina|boost\n|-boost|p2a: Archaludon|def|1\n|move|p1b: Archaludon|Body Press|p2a: Archaludon\n|-supereffective|p2a: Archaludon\n|-damage|p2a: Archaludon|0 fnt\n|faint|p2a: Archaludon\n|\n|-weather|RainDance|[upkeep]\n|upkeep\n|\n|t:|1735739292\n|switch|p2a: Volcarona|Volcarona, L50, F|100/100\n|turn|4\n|\n|t:|1735739306\n|move|p2b: Incineroar|Fake Out|p1a: Toxicroak\n|-damage|p1a: Toxicroak|75/100\n|cant|p1a: Toxicroak|flinch\n|move|p2a: Volcarona|Quiver Dance|p2a: Volcarona\n|-boost|p2a: Volcarona|spa|1\n|-boost|p2a: Volcarona|spd|1\n|-boost|p2a: Volcarona|spe|1\n|move|p1b: Archaludon|Electro Shot||[still]\n|-prepare|p1b: Archaludon|Electro Shot\n|-boost|p1b: Archaludon|spa|1\n|-anim|p1b: Archaludon|Electro Shot|p2a: Volcarona\n|-damage|p2a: Volcarona|54/100\n|\n|-weather|RainDance|[upkeep]\n|-heal|p1a: Toxicroak|87/100|[from] ability: Dry Skin\n|-heal|p2a: Volcarona|60/100|[from] item: Leftovers\n|upkeep\n|turn|5\n|\n|t:|1735739328\n|switch|p2b: Oricorio|Oricorio-Sensu, L50, F, shiny|100/100\n|-terastallize|p2a: Volcarona|Grass\n|move|p1a: Toxicroak|Sucker Punch||[still]\n|-fail|p1a: Toxicroak\n|move|p2a: Volcarona|Quiver Dance|p2a: Volcarona\n|-boost|p2a: Volcarona|spa|1\n|-boost|p2a: Volcarona|spd|1\n|-boost|p2a: Volcarona|spe|1\n|-activate|p2b: Oricorio|ability: Dancer\n|move|p2b: Oricorio|Quiver Dance|p2b: Oricorio|[from]ability: Dancer\n|-boost|p2b: Oricorio|spa|1\n|-boost|p2b: Oricorio|spd|1\n|-boost|p2b: Oricorio|spe|1\n|move|p1b: Archaludon|Electro Shot||[still]\n|-prepare|p1b: Archaludon|Electro Shot\n|-boost|p1b: Archaludon|spa|1\n|-anim|p1b: Archaludon|Electro Shot|p2a: Volcarona\n|-resisted|p2a: Volcarona\n|-damage|p2a: Volcarona|37/100\n|\n|-weather|none\n|-heal|p2a: Volcarona|44/100|[from] item: Leftovers\n|upkeep\n|turn|6\n|inactive|bstelios99 has 30 seconds left.\n|inactive|redbrood has 30 seconds left.\n|\n|t:|1735739354\n|move|p2a: Volcarona|Fiery Dance|p1a: Toxicroak\n|-damage|p1a: Toxicroak|0 fnt\n|-boost|p2a: Volcarona|spa|1\n|faint|p1a: Toxicroak\n|-activate|p2b: Oricorio|ability: Dancer\n|move|p2b: Oricorio|Fiery Dance|p1b: Archaludon|[from]ability: Dancer\n|-damage|p1b: Archaludon|74/100\n|-ability|p1b: Archaludon|Stamina|boost\n|-boost|p1b: Archaludon|def|1\n|move|p2b: Oricorio|Quiver Dance|p2b: Oricorio\n|-boost|p2b: Oricorio|spa|1\n|-boost|p2b: Oricorio|spd|1\n|-boost|p2b: Oricorio|spe|1\n|move|p1b: Archaludon|Electro Shot||[still]\n|-prepare|p1b: Archaludon|Electro Shot\n|-boost|p1b: Archaludon|spa|1\n|\n|-heal|p2a: Volcarona|50/100|[from] item: Leftovers\n|upkeep\n|\n|t:|1735739357\n|switch|p1a: Basculegion|Basculegion, L50, M|100/100\n|turn|7\n|\n|t:|1735739379\n|-terastallize|p1a: Basculegion|Water\n|move|p1a: Basculegion|Aqua Jet|p2b: Oricorio\n|-damage|p2b: Oricorio|32/100\n|move|p2b: Oricorio|Air Slash|p1b: Archaludon\n|-resisted|p1b: Archaludon\n|-damage|p1b: Archaludon|51/100\n|-ability|p1b: Archaludon|Stamina|boost\n|-boost|p1b: Archaludon|def|1\n|move|p2a: Volcarona|Giga Drain|p1a: Basculegion\n|-supereffective|p1a: Basculegion\n|-damage|p1a: Basculegion|0 fnt\n|-heal|p2a: Volcarona|100/100|[from] drain|[of] p1a: Basculegion\n|faint|p1a: Basculegion\n|cant|p1b: Archaludon|flinch\n|\n|upkeep\n|turn|8\n|\n|t:|1735739396\n|move|p2b: Oricorio|Air Slash|p1b: Archaludon\n|-resisted|p1b: Archaludon\n|-damage|p1b: Archaludon|28/100\n|-ability|p1b: Archaludon|Stamina|boost\n|-boost|p1b: Archaludon|def|1\n|move|p2a: Volcarona|Fiery Dance|p1b: Archaludon\n|-damage|p1b: Archaludon|0 fnt\n|-boost|p2a: Volcarona|spa|1\n|faint|p1b: Archaludon\n|-activate|p2b: Oricorio|ability: Dancer\n|move|p2b: Oricorio|Fiery Dance|p1: Basculegion|[from]ability: Dancer|[notarget]\n|-fail|p2b: Oricorio\n|\n|win|redbrood\n|raw|bstelios99's rating: 1222 &rarr; <strong>1204</strong><br />(-18 for losing)\n|raw|redbrood's rating: 1327 &rarr; <strong>1341</strong><br />(+14 for winning)\n|c|\u2606redbrood|gg\n|l|\u203dbstelios99\n|player|p1|\n|l|\u2606redbrood\n|player|p2|\n",
  "uploadtime": 1735739751,
  "views": 34,
  "formatid": "gen9vgc2024regh",
  "rating": 1204,
  "private": 0,
  "password": null
}