{
  "id": "gen9vgc2024regh-2273155655",
  "format": "[Gen 9] VGC 2024 Reg H",
  "players": [
    "Semiau",
    "syll0g1sm"
  ],
  "log": "|j|\u2606Semiau\n|j|\u2606syll0g1sm\n|t:|1735741933\n|gametype|doubles\n|player|p1|Semiau|101|1381\n|player|p2|syll0g1sm|1|1324\n|teamsize|p1|6\n|teamsize|p2|6\n|gen|9\n|tier|[Gen 9] VGC 2024 Reg H\n|rated|\n|rule|Species Clause: Limit one of each Pok\u00e9mon\n|rule|Item Clause: Limit 1 of each item\n|clearpoke\n|poke|p1|Rillaboom, L50, M|\n|poke|p1|Typhlosion-Hisui, L50, F|\n|poke|p1|Gallade, L50, M|\n|poke|p1|Ursaluna-Bloodmoon, L50, M|\n|poke|p1|Toxtricity, L50, F|\n|poke|p1|Whimsicott, L50, M|\n|poke|p2|Ursaluna, L50, M|\n|poke|p2|Exeggutor-Alola, L50, F|\n|poke|p2|Torkoal, L50, F|\n|poke|p2|Lilligant-Hisui, L50, F|\n|poke|p2|Sableye, L50, F|\n|poke|p2|Gallade, L50, M|\n|teampreview|4\n|\n|t:|1735741959\n|start\n|switch|p1a: Ursaluna|Ursaluna-Bloodmoon, L50, M|100/100\n|switch|p1b: Typhlosion|Typhlosion-Hisui, L50, F|100/100\n|switch|p2a: Sableye|Sableye, L50, F|100/100\n|switch|p2b: Ursaluna|Ursaluna, L50, M|100/100\n|turn|1\n|\n|t:|1735742001\n|move|p2b: Ursaluna|Protect|p2b: Ursaluna\n|-singleturn|p2b: Ursaluna|Protect\n|move|p2a: Sableye|Light Screen|p2a: Sableye\n|-sidestart|p2: syll0g1sm|move: Light Screen\n|move|p1b: Typhlosion|Eruption|p2b: Ursaluna|[spread] p2a\n|-activate|p2b: Ursaluna|move: Protect\n|-damage|p2a: Sableye|51/100\n|-enditem|p2a: Sableye|Eject Button\n|\n|t:|1735742019\n|switch|p2a: Exeggutor|Exeggutor-Alola, L50, F|100/100\n|move|p1a: Ursaluna|Blood Moon|p2b: Ursaluna\n|-activate|p2b: Ursaluna|move: Protect\n|\n|-status|p2b: Ursaluna|brn|[from] item: Flame Orb\n|upkeep\n|turn|2\n|\n|t:|1735742043\n|switch|p1b: Rillaboom|Rillaboom, L50, M|100/100\n|-fieldstart|move: Grassy Terrain|[from] ability: Grassy Surge|[of] p1b: Rillaboom\n|switch|p2b: Gallade|Gallade, L50, M|100/100\n|-terastallize|p2a: Exeggutor|Dragon\n|move|p1a: Ursaluna|Protect|p1a: Ursaluna\n|-singleturn|p1a: Ursaluna|Protect\n|move|p2a: Exeggutor|Trick Room|p2a: Exeggutor\n|-fieldstart|move: Trick Room|[of] p2a: Exeggutor\n|\n|upkeep\n|turn|3\n|\n|t:|1735742068\n|switch|p1a: Typhlosion|Typhlosion-Hisui, L50, F|100/100\n|move|p1b: Rillaboom|Fake Out|p2a: Exeggutor\n|-damage|p2a: Exeggutor|85/100\n|cant|p2a: Exeggutor|flinch\n|move|p2b: Gallade|Sacred Sword|p1a: Typhlosion\n|-immune|p1a: Typhlosion\n|\n|-heal|p2a: Exeggutor|91/100|[from] Grassy Terrain\n|upkeep\n|turn|4\n|\n|t:|1735742097\n|switch|p1a: Ursaluna|Ursaluna-Bloodmoon, L50, M|100/100\n|move|p2a: Exeggutor|Dragon Pulse|p1a: Ursaluna\n|-damage|p1a: Ursaluna|16/100\n|move|p2b: Gallade|Sacred Sword|p1b: Rillaboom\n|-damage|p1b: Rillaboom|0 fnt\n|faint|p1b: Rillaboom\n|\n|-heal|p2a: Exeggutor|97/100|[from] Grassy Terrain\n|-heal|p1a: Ursaluna|22/100|[from] Grassy Terrain\n|upkeep\n|\n|t:|1735742116\n|switch|p1b: Gallade|Gallade, L50, M|100/100\n|turn|5\n|\n|t:|1735742127\n|move|p1a: Ursaluna|Protect|p1a: Ursaluna\n|-singleturn|p1a: Ursaluna|Protect\n|move|p2a: Exeggutor|Dragon Pulse|p1b: Gallade\n|-crit|p1b: Gallade\n|-damage|p1b: Gallade|19/100\n|move|p1b: Gallade|Psycho Cut|p2b: Gallade\n|-damage|p2b: Gallade|11/100\n|move|p2b: Gallade|Sacred Sword|p1a: Ursaluna\n|-activate|p1a: Ursaluna|move: Protect\n|\n|-heal|p2a: Exeggutor|100/100|[from] Grassy Terrain\n|-heal|p1b: Gallade|25/100|[from] Grassy Terrain\n|-heal|p2b: Gallade|17/100|[from] Grassy Terrain\n|-heal|p1a: Ursaluna|29/100|[from] Grassy Terrain\n|-sideend|p2: syll0g1sm|move: Light Screen\n|upkeep\n|turn|6\n|\n|t:|1735742156\n|switch|p1a: Typhlosion|Typhlosion-Hisui, L50, F|100/100\n|move|p2a: Exeggutor|Dragon Pulse|p1b: Gallade\n|-damage|p1b: Gallade|0 fnt\n|faint|p1b: Gallade\n|move|p2b: Gallade|Sacred Sword|p1a: Typhlosion\n|-immune|p1a: Typhlosion\n|\n|-heal|p2b: Gallade|23/100|[from] Grassy Terrain\n|-fieldend|move: Trick Room\n|-fieldend|move: Grassy Terrain\n|upkeep\n|\n|t:|1735742169\n|switch|p1b: Ursaluna|Ursaluna-Bloodmoon, L50, M|29/100\n|turn|7\n|\n|t:|1735742183\n|-terastallize|p1a: Typhlosion|Ice\n|move|p2a: Exeggutor|Protect|p2a: Exeggutor\n|-singleturn|p2a: Exeggutor|Protect\n|move|p1a: Typhlosion|Tera Blast|p2a: Exeggutor|[anim] Tera Blast Ice\n|-activate|p2a: Exeggutor|move: Protect\n|move|p1b: Ursaluna|Hyper Voice|p2b: Gallade|[spread] p2b\n|-activate|p2a: Exeggutor|move: Protect\n|-damage|p2b: Gallade|0 fnt\n|faint|p2b: Gallade\n|-enditem|p1b: Ursaluna|Throat Spray\n|-boost|p1b: Ursaluna|spa|1|[from] item: Throat Spray\n|\n|upkeep\n|\n|t:|1735742197\n|switch|p2b: Sableye|Sableye, L50, F|51/100\n|turn|8\n|\n|t:|1735742232\n|move|p2b: Sableye|Disable|p1a: Typhlosion\n|-start|p1a: Typhlosion|Disable|Tera Blast\n|cant|p1a: Typhlosion|Disable|Tera Blast\n|move|p1b: Ursaluna|Blood Moon|p2a: Exeggutor\n|-damage|p2a: Exeggutor|0 fnt\n|faint|p2a: Exeggutor\n|\n|upkeep\n|\n|t:|1735742240\n|switch|p2a: Ursaluna|Ursaluna, L50, M|100/100 brn\n|turn|9\n|\n|t:|1735742255\n|move|p1b: Ursaluna|Protect|p1b: Ursaluna\n|-singleturn|p1b: Ursaluna|Protect\n|move|p2a: Ursaluna|Protect|p2a: Ursaluna\n|-singleturn|p2a: Ursaluna|Protect\n|move|p2b: Sableye|Encore|p1b: Ursaluna\n|-activate|p1b: Ursaluna|move: Protect\n|-activate|p1a: Typhlosion|move: Struggle\n|move|p1a: Typhlosion|Struggle|p2b: Sableye\n|-damage|p2b: Sableye|41/100\n|-damage|p1a: Typhlosion|76/100|[from] recoil\n|\n|-damage|p2a: Ursaluna|95/100 brn|[from] brn\n|upkeep\n|turn|10\n|\n|t:|1735742276\n|move|p2b: Sableye|Encore|p1b: Ursaluna\n|-start|p1b: Ursaluna|Encore\n|-activate|p1a: Typhlosion|move: Struggle\n|move|p1a: Typhlosion|Struggle|p2a: Ursaluna\n|-damage|p2a: Ursaluna|88/100 brn\n|-damage|p1a: Typhlosion|51/100|[from] recoil\n|move|p1b: Ursaluna|Protect||[still]\n|-fail|p1b: Ursaluna\n|move|p2a: Ursaluna|Facade|p1b: Ursaluna\n|-damage|p1b: Ursaluna|0 fnt\n|faint|p1b: Ursaluna\n|\n|-damage|p2a: Ursaluna|82/100 brn|[from] brn\n|upkeep\n|turn|11\n|\n|t:|1735742294\n|move|p2b: Sableye|Light Screen|p2b: Sableye\n|-sidestart|p2: syll0g1sm|move: Light Screen\n|-activate|p1a: Typhlosion|move: Struggle\n|move|p1a: Typhlosion|Struggle|p2b: Sableye\n|-damage|p2b: Sableye|32/100\n|-damage|p1a: Typhlosion|26/100|[from] recoil\n|move|p2a: Ursaluna|Facade|p1a: Typhlosion\n|-damage|p1a: Typhlosion|0 fnt\n|faint|p1a: Typhlosion\n|\n|win|syll0g1sm\n|raw|Semiau's rating: 1381 &rarr; <strong>1358</strong><br />(-23 for losing)\n|raw|syll0g1sm's rating: 1324 &rarr; <strong>1347</strong><br />(+23 for winning)\n|l|\u2606Semiau\n|player|p1|\n|l|\u2606syll0g1sm\n|player|p2|\n",
  "uploadtime": 1735742659,
  "views": 134,
  "formatid": "gen9vgc2024regh",
  "rating": 1347,
  "private": 0,
  "password": null
}