{
  "id": "gen9vgc2024regh-2273161575",
  "format": "[Gen 9] VGC 2024 Reg H",
  "players": [
    "Puituti39",
    "sean_Choi123"
  ],
  "log": "|j|\u2606Puituti39\n|j|\u2606sean_Choi123\n|t:|1735742961\n|gametype|doubles\n|player|p1|Puituti39|265|1517\n|player|p2|sean_Choi123|lucas|1522\n|teamsize|p1|6\n|teamsize|p2|6\n|gen|9\n|tier|[Gen 9] VGC 2024 Reg H\n|rated|\n|rule|Species Clause: Limit one of each Pok\u00e9mon\n|rule|Item Clause: Limit 1 of each item\n|clearpoke\n|poke|p1|Charizard, L50, F|\n|poke|p1|Ursaluna, L50, F|\n|poke|p1|Incineroar, L50, M|\n|poke|p1|Porygon2, L50|\n|poke|p1|Whimsicott, L50, M|\n|poke|p1|Kingambit, L50, M|\n|poke|p2|Typhlosion, L50, F|\n|poke|p2|Gholdengo, L50|\n|poke|p2|Whimsicott, L50, M|\n|poke|p2|Incineroar, L50, F|\n|poke|p2|Rillaboom, L50, F|\n|poke|p2|Annihilape, L50, M|\n|teampreview|4\n|inactive|Battle timer is ON: inactive players will automatically lose when time's up. (requested by Puituti39)\n|inactive|sean_Choi123 has 60 seconds left.\n|\n|t:|1735743027\n|start\n|switch|p1a: Whimsicott|Whimsicott, L50, M|100/100\n|switch|p1b: Charizard|Charizard, L50, F|100/100\n|switch|p2a: Whimsicott|Whimsicott, L50, M|100/100\n|switch|p2b: Annihilape|Annihilape, L50, M|100/100\n|turn|1\n|inactive|Puituti39 has 30 seconds left.\n|\n|t:|1735743053\n|switch|p2b: Typhlosion|Typhlosion, L50, F|100/100\n|move|p2a: Whimsicott|Tailwind|p2a: Whimsicott\n|-sidestart|p2: sean_Choi123|move: Tailwind\n|move|p1a: Whimsicott|Tailwind|p1a: Whimsicott\n|-sidestart|p1: Puituti39|move: Tailwind\n|move|p1b: Charizard|Air Slash|p2b: Typhlosion\n|-damage|p2b: Typhlosion|36/100\n|-damage|p1b: Charizard|91/100|[from] item: Life Orb\n|\n|upkeep\n|turn|2\n|\n|t:|1735743072\n|switch|p2b: Incineroar|Incineroar, L50, F|100/100\n|-ability|p2b: Incineroar|Intimidate|boost\n|-unboost|p1a: Whimsicott|atk|1\n|-unboost|p1b: Charizard|atk|1\n|move|p2a: Whimsicott|Encore|p1a: Whimsicott\n|-start|p1a: Whimsicott|Encore\n|move|p1a: Whimsicott|Tailwind||[still]\n|-fail|p1a: Whimsicott\n|move|p1b: Charizard|Heat Wave|p2a: Whimsicott|[spread] p2a,p2b\n|-supereffective|p2a: Whimsicott\n|-resisted|p2b: Incineroar\n|-enditem|p2a: Whimsicott|Focus Sash\n|-damage|p2a: Whimsicott|1/100\n|-damage|p2b: Incineroar|83/100\n|-damage|p1b: Charizard|81/100|[from] item: Life Orb\n|\n|upkeep\n|turn|3\n|inactive|sean_Choi123 has 30 seconds left.\n|inactive|sean_Choi123 has 20 seconds left.\n|\n|t:|1735743107\n|switch|p1a: Kingambit|Kingambit, L50, M|100/100\n|switch|p2b: Typhlosion|Typhlosion, L50, F|36/100\n|move|p2a: Whimsicott|Encore|p1b: Charizard\n|-start|p1b: Charizard|Encore\n|move|p1b: Charizard|Heat Wave|p2b: Typhlosion|[spread] p2a\n|-start|p2b: Typhlosion|ability: Flash Fire\n|-supereffective|p2a: Whimsicott\n|-damage|p2a: Whimsicott|0 fnt\n|faint|p2a: Whimsicott\n|-damage|p1b: Charizard|71/100|[from] item: Life Orb\n|\n|upkeep\n|\n|t:|1735743118\n|switch|p2a: Incineroar|Incineroar, L50, F|83/100\n|-ability|p2a: Incineroar|Intimidate|boost\n|-unboost|p1a: Kingambit|atk|1\n|-ability|p1a: Kingambit|Defiant|boost\n|-boost|p1a: Kingambit|atk|2\n|-unboost|p1b: Charizard|atk|1\n|turn|4\n|\n|t:|1735743141\n|-terastallize|p1a: Kingambit|Dark\n|move|p2b: Typhlosion|Heat Wave|p1b: Charizard|[spread] p1a\n|-miss|p2b: Typhlosion|p1b: Charizard\n|-damage|p1a: Kingambit|62/100\n|move|p1b: Charizard|Heat Wave|p2b: Typhlosion|[spread] p2a\n|-immune|p2b: Typhlosion|[from] ability: Flash Fire\n|-resisted|p2a: Incineroar\n|-damage|p2a: Incineroar|64/100\n|-damage|p1b: Charizard|61/100|[from] item: Life Orb\n|move|p2a: Incineroar|Knock Off|p1b: Charizard\n|-damage|p1b: Charizard|10/100\n|-enditem|p1b: Charizard|Life Orb|[from] move: Knock Off|[of] p2a: Incineroar\n|move|p1a: Kingambit|Kowtow Cleave|p2b: Typhlosion\n|-damage|p2b: Typhlosion|0 fnt\n|faint|p2b: Typhlosion\n|\n|-sideend|p1: Puituti39|move: Tailwind\n|-sideend|p2: sean_Choi123|move: Tailwind\n|upkeep\n|\n|t:|1735743156\n|switch|p2b: Annihilape|Annihilape, L50, M|100/100\n|turn|5\n|\n|t:|1735743165\n|-terastallize|p2b: Annihilape|Fighting\n|move|p1b: Charizard|Heat Wave|p2a: Incineroar|[spread] p2b\n|-miss|p1b: Charizard|p2a: Incineroar\n|-damage|p2b: Annihilape|72/100\n|move|p2b: Annihilape|Close Combat|p1a: Kingambit\n|-supereffective|p1a: Kingambit\n|-damage|p1a: Kingambit|0 fnt\n|-unboost|p2b: Annihilape|def|1\n|-unboost|p2b: Annihilape|spd|1\n|faint|p1a: Kingambit\n|move|p2a: Incineroar|Knock Off|p1b: Charizard\n|-damage|p1b: Charizard|0 fnt\n|faint|p1b: Charizard\n|\n|upkeep\n|\n|t:|1735743170\n|switch|p1b: Ursaluna|Ursaluna, L50, F|100/100\n|switch|p1a: Whimsicott|Whimsicott, L50, M|100/100\n|turn|6\n|j| basebud\n|\n|t:|1735743178\n|move|p1b: Ursaluna|Protect|p1b: Ursaluna\n|-singleturn|p1b: Ursaluna|Protect\n|move|p1a: Whimsicott|Tailwind|p1a: Whimsicott\n|-sidestart|p1: Puituti39|move: Tailwind\n|move|p2b: Annihilape|Close Combat|p1b: Ursaluna\n|-activate|p1b: Ursaluna|move: Protect\n|move|p2a: Incineroar|Flare Blitz|p1a: Whimsicott\n|-supereffective|p1a: Whimsicott\n|-damage|p1a: Whimsicott|20/100\n|-damage|p2a: Incineroar|42/100|[from] Recoil\n|\n|-status|p1b: Ursaluna|brn|[from] item: Flame Orb\n|upkeep\n|turn|7\n|\n|t:|1735743190\n|move|p2b: Annihilape|Protect|p2b: Annihilape\n|-singleturn|p2b: Annihilape|Protect\n|move|p1a: Whimsicott|Moonblast|p2b: Annihilape\n|-activate|p2b: Annihilape|move: Protect\n|move|p1b: Ursaluna|Facade|p2b: Annihilape\n|-activate|p2b: Annihilape|move: Protect\n|move|p2a: Incineroar|Flare Blitz|p1a: Whimsicott\n|-supereffective|p1a: Whimsicott\n|-damage|p1a: Whimsicott|0 fnt\n|faint|p1a: Whimsicott\n|-damage|p2a: Incineroar|37/100|[from] Recoil\n|\n|-damage|p1b: Ursaluna|95/100 brn|[from] brn\n|upkeep\n|turn|8\n|inactive|Puituti39 has 30 seconds left.\n|\n|t:|1735743219\n|move|p2b: Annihilape|Protect||[still]\n|-fail|p2b: Annihilape\n|move|p1b: Ursaluna|Facade|p2b: Annihilape\n|-damage|p2b: Annihilape|0 fnt\n|faint|p2b: Annihilape\n|move|p2a: Incineroar|Parting Shot|p1b: Ursaluna\n|-unboost|p1b: Ursaluna|atk|1\n|-unboost|p1b: Ursaluna|spa|1\n|\n|-damage|p1b: Ursaluna|89/100 brn|[from] brn\n|upkeep\n|turn|9\n|\n|t:|1735743237\n|move|p1b: Ursaluna|Headlong Rush|p2a: Incineroar\n|-supereffective|p2a: Incineroar\n|-damage|p2a: Incineroar|0 fnt\n|-unboost|p1b: Ursaluna|def|1\n|-unboost|p1b: Ursaluna|spd|1\n|faint|p2a: Incineroar\n|\n|win|Puituti39\n|raw|Puituti39's rating: 1517 &rarr; <strong>1537</strong><br />(+20 for winning)\n|raw|sean_Choi123's rating: 1522 &rarr; <strong>1502</strong><br />(-20 for losing)\n|l|\u2606sean_Choi123\n|player|p2|\n|l| basebud\n|l|\u2606Puituti39\n|player|p1|\n",
  "uploadtime": 1735743490,
  "views": 121,
  "formatid": "gen9vgc2024regh",
  "rating": 1502,
  "private": 0,
  "password": null
}