{
  "id": "gen9vgc2024regh-2273200931",
  "format": "[Gen 9] VGC 2024 Reg H",
  "players": [
    "DaBoneDoggler",
    "Rival Lastar"
  ],
  "log": "|j|\u2606DaBoneDoggler\n|j|\u2606Rival Lastar\n|t:|1735749150\n|gametype|doubles\n|player|p1|DaBoneDoggler|ash-kalos|1126\n|player|p2|Rival Lastar|silver|1170\n|teamsize|p1|6\n|teamsize|p2|6\n|gen|9\n|tier|[Gen 9] VGC 2024 Reg H\n|rated|\n|rule|Species Clause: Limit one of each Pok\u00e9mon\n|rule|Item Clause: Limit 1 of each item\n|clearpoke\n|poke|p1|Lokix, L50, M|\n|poke|p1|Ursaluna, L50, F|\n|poke|p1|Sneasler, L50, F|\n|poke|p1|Incineroar, L50, M|\n|poke|p1|Porygon2, L50|\n|poke|p1|Amoonguss, L50, F|\n|poke|p2|Clefable, L50, M|\n|poke|p2|Corviknight, L50, M|\n|poke|p2|Raichu, L50, M|\n|poke|p2|Ninetales-Alola, L50, M|\n|poke|p2|Empoleon, L50, M|\n|poke|p2|Barraskewda, L50, F|\n|teampreview|4\n|inactive|Battle timer is ON: inactive players will automatically lose when time's up. (requested by DaBoneDoggler)\n|inactive|Rival Lastar also wants the timer to be on.\n|inactive|DaBoneDoggler has 60 seconds left.\n|\n|t:|1735749193\n|start\n|switch|p1a: Lokix|Lokix, L50, M, shiny|100/100\n|switch|p1b: Sneasler|Sneasler, L50, F, shiny|100/100\n|switch|p2a: Ninetales|Ninetales-Alola, L50, M|100/100\n|switch|p2b: Empoleon|Empoleon, L50, M|100/100\n|-weather|Snow|[from] ability: Snow Warning|[of] p2a: Ninetales\n|turn|1\n|\n|t:|1735749214\n|-terastallize|p2b: Empoleon|Ghost\n|move|p1b: Sneasler|Fake Out|p2a: Ninetales\n|-enditem|p1b: Sneasler|Normal Gem|[from] gem\n|-damage|p2a: Ninetales|82/100\n|move|p1a: Lokix|First Impression|p2b: Empoleon\n|-resisted|p2b: Empoleon\n|-damage|p2b: Empoleon|42/100\n|cant|p2a: Ninetales|flinch\n|move|p2b: Empoleon|Icy Wind|p1a: Lokix|[spread] p1a,p1b\n|-damage|p1a: Lokix|74/100\n|-damage|p1b: Sneasler|81/100\n|-unboost|p1a: Lokix|spe|1\n|-unboost|p1b: Sneasler|spe|1\n|\n|-weather|Snow|[upkeep]\n|upkeep\n|turn|2\n|inactive|Rival Lastar has 30 seconds left.\n|inactive|Rival Lastar has 20 seconds left.\n|inactive|Rival Lastar has 15 seconds left.\n|inactive|Rival Lastar has 10 seconds left.\n|inactive|Rival Lastar has 5 seconds left.\n|\n|t:|1735749265\n|move|p1b: Sneasler|Dire Claw|p2a: Ninetales\n|-supereffective|p2a: Ninetales\n|-damage|p2a: Ninetales|0 fnt\n|faint|p2a: Ninetales\n|move|p2b: Empoleon|Flash Cannon|p1a: Lokix\n|-damage|p1a: Lokix|0 fnt\n|faint|p1a: Lokix\n|\n|-weather|Snow|[upkeep]\n|upkeep\n|\n|t:|1735749280\n|switch|p2a: Raichu|Raichu, L50, M|100/100\n|switch|p1a: Porygon2|Porygon2, L50, shiny|100/100\n|-ability|p1a: Porygon2|Download|boost\n|-boost|p1a: Porygon2|atk|1\n|turn|3\n|inactive|DaBoneDoggler has 30 seconds left.\n|\n|t:|1735749313\n|move|p2a: Raichu|Fake Out|p1b: Sneasler\n|-damage|p1b: Sneasler|66/100\n|cant|p1b: Sneasler|flinch\n|move|p2b: Empoleon|Flash Cannon|p1b: Sneasler\n|-damage|p1b: Sneasler|9/100\n|move|p1a: Porygon2|Thunder|p2a: Raichu\n|-activate|p2a: Raichu|ability: Lightning Rod\n|-ability|p2a: Raichu|Lightning Rod|boost\n|-boost|p2a: Raichu|spa|1\n|\n|-weather|Snow|[upkeep]\n|upkeep\n|turn|4\n|\n|t:|1735749329\n|switch|p1b: Ursaluna|Ursaluna, L50, F, shiny|100/100\n|move|p2a: Raichu|Encore|p1a: Porygon2\n|-start|p1a: Porygon2|Encore\n|move|p2b: Empoleon|Icy Wind|p1a: Porygon2|[spread] p1a,p1b\n|-supereffective|p1b: Ursaluna\n|-damage|p1a: Porygon2|90/100\n|-damage|p1b: Ursaluna|75/100\n|-unboost|p1a: Porygon2|spe|1\n|-unboost|p1b: Ursaluna|spe|1\n|move|p1a: Porygon2|Thunder|p2a: Raichu\n|-activate|p2a: Raichu|ability: Lightning Rod\n|-ability|p2a: Raichu|Lightning Rod|boost\n|-boost|p2a: Raichu|spa|1\n|\n|-weather|Snow|[upkeep]\n|-status|p1b: Ursaluna|brn|[from] item: Flame Orb\n|upkeep\n|turn|5\n|inactive|DaBoneDoggler has 30 seconds left.\n|\n|t:|1735749356\n|switch|p1a: Sneasler|Sneasler, L50, F, shiny|9/100\n|-terastallize|p1b: Ursaluna|Normal\n|move|p2a: Raichu|Helping Hand|p2b: Empoleon\n|-singleturn|p2b: Empoleon|Helping Hand|[of] p2a: Raichu\n|move|p2b: Empoleon|Surf|p1b: Ursaluna|[spread] p2a,p1a,p1b\n|-damage|p2a: Raichu|29/100\n|-damage|p1a: Sneasler|0 fnt\n|-damage|p1b: Ursaluna|28/100 brn\n|faint|p1a: Sneasler\n|move|p1b: Ursaluna|Facade|p2a: Raichu\n|-damage|p2a: Raichu|0 fnt\n|faint|p2a: Raichu\n|\n|-weather|none\n|-damage|p1b: Ursaluna|22/100 brn|[from] brn\n|upkeep\n|\n|t:|1735749371\n|switch|p1a: Porygon2|Porygon2, L50, shiny|90/100\n|switch|p2a: Corviknight|Corviknight, L50, M|100/100\n|-ability|p1a: Porygon2|Download|boost\n|-boost|p1a: Porygon2|atk|1\n|turn|6\n|\n|t:|1735749387\n|move|p2b: Empoleon|Flash Cannon|p1a: Porygon2\n|-damage|p1a: Porygon2|61/100\n|move|p2a: Corviknight|Body Press|p1b: Ursaluna\n|-supereffective|p1b: Ursaluna\n|-damage|p1b: Ursaluna|0 fnt\n|faint|p1b: Ursaluna\n|move|p1a: Porygon2|Trick Room|p1a: Porygon2\n|-fieldstart|move: Trick Room|[of] p1a: Porygon2\n|\n|upkeep\n|turn|7\n|\n|t:|1735749400\n|move|p1a: Porygon2|Ice Beam|p2b: Empoleon\n|-damage|p2b: Empoleon|13/100\n|move|p2a: Corviknight|Body Press|p1a: Porygon2\n|-supereffective|p1a: Porygon2\n|-damage|p1a: Porygon2|34/100\n|move|p2b: Empoleon|Flash Cannon|p1a: Porygon2\n|-damage|p1a: Porygon2|7/100\n|-unboost|p1a: Porygon2|spd|1\n|\n|upkeep\n|turn|8\n|\n|t:|1735749410\n|move|p1a: Porygon2|Recover|p1a: Porygon2\n|-heal|p1a: Porygon2|57/100\n|move|p2a: Corviknight|Body Press|p1a: Porygon2\n|-supereffective|p1a: Porygon2\n|-crit|p1a: Porygon2\n|-damage|p1a: Porygon2|15/100\n|move|p2b: Empoleon|Flash Cannon|p1a: Porygon2\n|-damage|p1a: Porygon2|0 fnt\n|faint|p1a: Porygon2\n|\n|win|Rival Lastar\n|raw|DaBoneDoggler's rating: 1126 &rarr; <strong>1104</strong><br />(-22 for losing)\n|raw|Rival Lastar's rating: 1170 &rarr; <strong>1192</strong><br />(+22 for winning)\n|l|\u2606Rival Lastar\n|player|p2|\n|l|\u2606DaBoneDoggler\n|player|p1|\n",
  "uploadtime": 1735749721,
  "views": 366,
  "formatid": "gen9vgc2024regh",
  "rating": 1104,
  "private": 0,
  "password": null
}