{
  "id": "gen9vgc2024regh-2273146240",
  "format": "[Gen 9] VGC 2024 Reg H",
  "players": [
    "redbrood",
    "PugBurro"
  ],
  "log": "|j|\u2606redbrood\n|j|\u2606PugBurro\n|t:|1735740180\n|gametype|doubles\n|player|p1|redbrood|266|1402\n|player|p2|PugBurro|crasherwake|1525\n|teamsize|p1|6\n|teamsize|p2|6\n|gen|9\n|tier|[Gen 9] VGC 2024 Reg H\n|rated|\n|rule|Species Clause: Limit one of each Pok\u00e9mon\n|rule|Item Clause: Limit 1 of each item\n|clearpoke\n|poke|p1|Grimmsnarl, L50, M|\n|poke|p1|Volcarona, L50, F|\n|poke|p1|Oricorio-Sensu, L50, F|\n|poke|p1|Incineroar, L50, M|\n|poke|p1|Archaludon, L50, M|\n|poke|p1|Politoed, L50, F|\n|poke|p2|Whimsicott, L50, F|\n|poke|p2|Typhlosion-Hisui, L50, F|\n|poke|p2|Clefairy, L50, M|\n|poke|p2|Ursaluna-Bloodmoon, L50, M|\n|poke|p2|Farigiraf, L50, F|\n|poke|p2|Annihilape, L50, M|\n|teampreview|4\n|inactive|Battle timer is ON: inactive players will automatically lose when time's up. (requested by PugBurro)\n|\n|t:|1735740201\n|start\n|switch|p1a: Incineroar|Incineroar, L50, M|100/100\n|switch|p1b: Politoed|Politoed, L50, F|100/100\n|switch|p2a: Whimsicott|Whimsicott, L50, F|100/100\n|switch|p2b: Typhlosion|Typhlosion-Hisui, L50, F|100/100\n|-ability|p1a: Incineroar|Intimidate|boost\n|-unboost|p2a: Whimsicott|atk|1\n|-unboost|p2b: Typhlosion|atk|1\n|-weather|RainDance|[from] ability: Drizzle|[of] p1b: Politoed\n|turn|1\n|\n|t:|1735740212\n|switch|p2b: Annihilape|Annihilape, L50, M|100/100\n|move|p1a: Incineroar|Fake Out|p2a: Whimsicott\n|-damage|p2a: Whimsicott|83/100\n|cant|p2a: Whimsicott|flinch\n|move|p1b: Politoed|Muddy Water|p2b: Annihilape|[spread] p2a,p2b\n|-resisted|p2a: Whimsicott\n|-damage|p2a: Whimsicott|54/100\n|-damage|p2b: Annihilape|81/100\n|-unboost|p2a: Whimsicott|accuracy|1\n|\n|-weather|RainDance|[upkeep]\n|upkeep\n|turn|2\n|\n|t:|1735740229\n|switch|p1a: Volcarona|Volcarona, L50, F|100/100\n|move|p2a: Whimsicott|Tailwind|p2a: Whimsicott\n|-sidestart|p2: PugBurro|move: Tailwind\n|move|p2b: Annihilape|Rage Fist|p1b: Politoed\n|-damage|p1b: Politoed|44/100\n|move|p1b: Politoed|Icy Wind|p2a: Whimsicott|[spread] p2a,p2b\n|-supereffective|p2a: Whimsicott\n|-damage|p2a: Whimsicott|24/100\n|-damage|p2b: Annihilape|75/100\n|-unboost|p2a: Whimsicott|spe|1\n|-unboost|p2b: Annihilape|spe|1\n|-ability|p2b: Annihilape|Defiant|boost\n|-boost|p2b: Annihilape|atk|2\n|\n|-weather|RainDance|[upkeep]\n|upkeep\n|turn|3\n|\n|t:|1735740245\n|move|p1a: Volcarona|Protect|p1a: Volcarona\n|-singleturn|p1a: Volcarona|Protect\n|move|p2a: Whimsicott|Sunny Day|p2a: Whimsicott\n|-weather|SunnyDay\n|move|p2b: Annihilape|Rage Fist|p1a: Volcarona\n|-activate|p1a: Volcarona|move: Protect\n|move|p1b: Politoed|Icy Wind|p2a: Whimsicott|[spread] p2a,p2b\n|-supereffective|p2a: Whimsicott\n|-crit|p2a: Whimsicott\n|-damage|p2a: Whimsicott|0 fnt\n|-damage|p2b: Annihilape|69/100\n|-unboost|p2b: Annihilape|spe|1\n|-ability|p2b: Annihilape|Defiant|boost\n|-boost|p2b: Annihilape|atk|2\n|faint|p2a: Whimsicott\n|\n|-weather|SunnyDay|[upkeep]\n|upkeep\n|\n|t:|1735740248\n|switch|p2a: Typhlosion|Typhlosion-Hisui, L50, F|100/100\n|turn|4\n|inactive|redbrood has 30 seconds left.\n|\n|t:|1735740278\n|switch|p1a: Archaludon|Archaludon, L50, M|100/100\n|switch|p1b: Incineroar|Incineroar, L50, M|100/100\n|-ability|p1b: Incineroar|Intimidate|boost\n|-unboost|p2a: Typhlosion|atk|1\n|-unboost|p2b: Annihilape|atk|1\n|-ability|p2b: Annihilape|Defiant|boost\n|-boost|p2b: Annihilape|atk|2\n|-terastallize|p2a: Typhlosion|Fire\n|move|p2a: Typhlosion|Eruption|p1a: Archaludon|[spread] p1a,p1b\n|-resisted|p1b: Incineroar\n|-damage|p1a: Archaludon|0 fnt\n|-damage|p1b: Incineroar|0 fnt\n|faint|p1a: Archaludon\n|faint|p1b: Incineroar\n|move|p2b: Annihilape|Rage Fist|p1: Archaludon|[notarget]\n|-fail|p2b: Annihilape\n|\n|-weather|SunnyDay|[upkeep]\n|upkeep\n|\n|t:|1735740290\n|switch|p1b: Politoed|Politoed, L50, F|44/100\n|switch|p1a: Volcarona|Volcarona, L50, F|100/100\n|-weather|RainDance|[from] ability: Drizzle|[of] p1b: Politoed\n|turn|5\n|\n|t:|1735740307\n|-terastallize|p1a: Volcarona|Grass\n|move|p2a: Typhlosion|Eruption|p1b: Politoed|[spread] p1a,p1b\n|-supereffective|p1a: Volcarona\n|-resisted|p1b: Politoed\n|-damage|p1a: Volcarona|0 fnt\n|-damage|p1b: Politoed|23/100\n|faint|p1a: Volcarona\n|move|p2b: Annihilape|Rage Fist|p1b: Politoed\n|-damage|p1b: Politoed|0 fnt\n|faint|p1b: Politoed\n|\n|win|PugBurro\n|raw|redbrood's rating: 1402 &rarr; <strong>1389</strong><br />(-13 for losing)\n|raw|PugBurro's rating: 1525 &rarr; <strong>1538</strong><br />(+13 for winning)\n|l|\u2606redbrood\n|player|p1|\n|l|\u2606PugBurro\n|player|p2|\n",
  "uploadtime": 1735740721,
  "views": 20,
  "formatid": "gen9vgc2024regh",
  "rating": 1389,
  "private": 0,
  "password": null
}