{
  "id": "gen9vgc2024regh-2273172160",
  "format": "[Gen 9] VGC 2024 Reg H",
  "players": [
    "Erfiero",
    "PugBurro"
  ],
  "log": "|j|\u2606Erfiero\n|j|\u2606PugBurro\n|t:|1735744709\n|gametype|doubles\n|player|p1|Erfiero|clay|1599\n|player|p2|PugBurro|crasherwake|1534\n|teamsize|p1|6\n|teamsize|p2|6\n|gen|9\n|tier|[Gen 9] VGC 2024 Reg H\n|rated|\n|rule|Species Clause: Limit one of each Pok\u00e9mon\n|rule|Item Clause: Limit 1 of each item\n|clearpoke\n|poke|p1|Tyranitar, L50, M|\n|poke|p1|Excadrill, L50, F|\n|poke|p1|Kommo-o, L50, M|\n|poke|p1|Rillaboom, L50, F|\n|poke|p1|Clefable, L50, F|\n|poke|p1|Volcarona, L50, M|\n|poke|p2|Whimsicott, L50, F|\n|poke|p2|Typhlosion-Hisui, L50, M|\n|poke|p2|Clefairy, L50, F|\n|poke|p2|Ursaluna-Bloodmoon, L50, M|\n|poke|p2|Farigiraf, L50, F|\n|poke|p2|Annihilape, L50, F|\n|teampreview|4\n|inactive|Battle timer is ON: inactive players will automatically lose when time's up. (requested by Erfiero)\n|inactive|Erfiero has 60 seconds left.\n|inactive|PugBurro has 60 seconds left.\n|inactive|PugBurro has 30 seconds left.\n|inactive|PugBurro has 20 seconds left.\n|inactive|PugBurro has 15 seconds left.\n|inactive|PugBurro has 10 seconds left.\n|inactive|PugBurro has 5 seconds left.\n|\n|t:|1735744801\n|start\n|switch|p1a: Volcarona|Volcarona, L50, M|100/100\n|switch|p1b: Clefable|Clefable, L50, F|100/100\n|switch|p2a: Whimsicott|Whimsicott, L50, F|100/100\n|switch|p2b: Typhlosion|Typhlosion-Hisui, L50, M|100/100\n|turn|1\n|\n|t:|1735744810\n|-terastallize|p2b: Typhlosion|Fire\n|move|p2a: Whimsicott|Tailwind|p2a: Whimsicott\n|-sidestart|p2: PugBurro|move: Tailwind\n|move|p2b: Typhlosion|Eruption|p1a: Volcarona|[spread] p1a,p1b\n|-damage|p1a: Volcarona|0 fnt\n|-damage|p1b: Clefable|0 fnt\n|faint|p1a: Volcarona\n|faint|p1b: Clefable\n|\n|upkeep\n|\n|t:|1735744820\n|switch|p1a: Rillaboom|Rillaboom, L50, F|100/100\n|switch|p1b: Tyranitar|Tyranitar, L50, M|100/100\n|-fieldstart|move: Grassy Terrain|[from] ability: Grassy Surge|[of] p1a: Rillaboom\n|-weather|Sandstorm|[from] ability: Sand Stream|[of] p1b: Tyranitar\n|turn|2\n|inactive|PugBurro has 30 seconds left.\n|\n|t:|1735744852\n|move|p1a: Rillaboom|Fake Out|p2b: Typhlosion\n|-damage|p2b: Typhlosion|80/100\n|move|p2a: Whimsicott|Sunny Day|p2a: Whimsicott\n|-weather|SunnyDay\n|cant|p2b: Typhlosion|flinch\n|move|p1b: Tyranitar|Rock Slide|p2a: Whimsicott|[spread] p2a,p2b\n|-supereffective|p2b: Typhlosion\n|-damage|p2a: Whimsicott|53/100\n|-damage|p2b: Typhlosion|0 fnt\n|faint|p2b: Typhlosion\n|\n|-weather|SunnyDay|[upkeep]\n|-heal|p2a: Whimsicott|59/100|[from] Grassy Terrain\n|upkeep\n|\n|t:|1735744856\n|switch|p2b: Ursaluna|Ursaluna-Bloodmoon, L50, M|100/100\n|turn|3\n|\n|t:|1735744867\n|-terastallize|p1b: Tyranitar|Flying\n|move|p2a: Whimsicott|Encore|p1a: Rillaboom\n|-start|p1a: Rillaboom|Encore\n|move|p2b: Ursaluna|Earth Power|p1b: Tyranitar\n|-immune|p1b: Tyranitar\n|move|p1a: Rillaboom|Fake Out||[still]\n|-hint|Fake Out only works on your first turn out.\n|-fail|p1a: Rillaboom\n|move|p1b: Tyranitar|Ice Punch|p2a: Whimsicott\n|-supereffective|p2a: Whimsicott\n|-damage|p2a: Whimsicott|0 fnt\n|faint|p2a: Whimsicott\n|\n|-weather|SunnyDay|[upkeep]\n|upkeep\n|\n|t:|1735744876\n|switch|p2a: Clefairy|Clefairy, L50, F|100/100\n|turn|4\n|\n|t:|1735744897\n|move|p2a: Clefairy|Helping Hand|p2b: Ursaluna\n|-singleturn|p2b: Ursaluna|Helping Hand|[of] p2a: Clefairy\n|move|p1a: Rillaboom|Fake Out||[still]\n|-hint|Fake Out only works on your first turn out.\n|-fail|p1a: Rillaboom\n|move|p2b: Ursaluna|Blood Moon|p1b: Tyranitar\n|-damage|p1b: Tyranitar|28/100\n|move|p1b: Tyranitar|Ice Punch|p2b: Ursaluna\n|-supereffective|p2b: Ursaluna\n|-damage|p2b: Ursaluna|71/100\n|\n|-weather|SunnyDay|[upkeep]\n|-heal|p2b: Ursaluna|77/100|[from] Grassy Terrain\n|-sideend|p2: PugBurro|move: Tailwind\n|upkeep\n|turn|5\n|\n|t:|1735744911\n|move|p1a: Rillaboom|Fake Out||[still]\n|-hint|Fake Out only works on your first turn out.\n|-fail|p1a: Rillaboom\n|move|p2a: Clefairy|Follow Me|p2a: Clefairy\n|-singleturn|p2a: Clefairy|move: Follow Me\n|move|p2b: Ursaluna|Hyper Voice|p1a: Rillaboom|[spread] p1a,p1b\n|-crit|p1b: Tyranitar\n|-damage|p1a: Rillaboom|59/100\n|-damage|p1b: Tyranitar|0 fnt\n|faint|p1b: Tyranitar\n|\n|-weather|SunnyDay|[upkeep]\n|-heal|p1a: Rillaboom|65/100|[from] Grassy Terrain\n|-heal|p2b: Ursaluna|83/100|[from] Grassy Terrain\n|-end|p1a: Rillaboom|Encore\n|upkeep\n|turn|6\n|\n|t:|1735744924\n|move|p2a: Clefairy|Follow Me|p2a: Clefairy\n|-singleturn|p2a: Clefairy|move: Follow Me\n|move|p1a: Rillaboom|Wood Hammer|p2a: Clefairy\n|-crit|p2a: Clefairy\n|-damage|p2a: Clefairy|0 fnt\n|faint|p2a: Clefairy\n|-damage|p1a: Rillaboom|35/100|[from] Recoil\n|move|p2b: Ursaluna|Blood Moon|p1a: Rillaboom\n|-damage|p1a: Rillaboom|0 fnt\n|faint|p1a: Rillaboom\n|\n|win|PugBurro\n|raw|Erfiero's rating: 1599 &rarr; <strong>1575</strong><br />(-24 for losing)\n|raw|PugBurro's rating: 1534 &rarr; <strong>1558</strong><br />(+24 for winning)\n|l|\u2606PugBurro\n|player|p2|\n",
  "uploadtime": 1735745151,
  "views": 135,
  "formatid": "gen9vgc2024regh",
  "rating": 1558,
  "private": 0,
  "password": null
}