{
  "id": "gen9vgc2024regh-2273173668",
  "format": "[Gen 9] VGC 2024 Reg H",
  "players": [
    "danuwu",
    "greenknightsixVGC"
  ],
  "log": "|j|\u2606danuwu\n|j|\u2606greenknightsixVGC\n|t:|1735744958\n|gametype|doubles\n|player|p1|danuwu|alder|1187\n|player|p2|greenknightsixVGC|gentleman-gen4|1182\n|teamsize|p1|6\n|teamsize|p2|6\n|gen|9\n|tier|[Gen 9] VGC 2024 Reg H\n|rated|\n|rule|Species Clause: Limit one of each Pok\u00e9mon\n|rule|Item Clause: Limit 1 of each item\n|clearpoke\n|poke|p1|Infernape, L50, M|\n|poke|p1|Rillaboom, L50, F|\n|poke|p1|Annihilape, L50, M|\n|poke|p1|Oranguru, L50, M|\n|poke|p1|Ambipom, L50, F|\n|poke|p1|Slaking, L50, F|\n|poke|p2|Hatterene, L50, F|\n|poke|p2|Indeedee-F, L50, F|\n|poke|p2|Amoonguss, L50, F|\n|poke|p2|Conkeldurr, L50, F|\n|poke|p2|Garchomp, L50, F|\n|poke|p2|Porygon2, L50|\n|teampreview|4\n|inactive|Battle timer is ON: inactive players will automatically lose when time's up. (requested by danuwu)\n|\n|t:|1735744988\n|start\n|switch|p1a: Slaking|Slaking, L50, F|100/100\n|switch|p1b: Oranguru|Oranguru, L50, M|100/100\n|switch|p2a: Hatterene|Hatterene, L50, F, shiny|100/100\n|switch|p2b: Indeedee|Indeedee-F, L50, F, shiny|100/100\n|-fieldstart|move: Psychic Terrain|[from] ability: Psychic Surge|[of] p2b: Indeedee\n|-enditem|p2b: Indeedee|Psychic Seed\n|-boost|p2b: Indeedee|spd|1|[from] item: Psychic Seed\n|turn|1\n|inactive|greenknightsixVGC has 30 seconds left.\n|\n|t:|1735745019\n|-terastallize|p1a: Slaking|Normal\n|move|p2b: Indeedee|Follow Me|p2b: Indeedee\n|-singleturn|p2b: Indeedee|move: Follow Me\n|move|p1a: Slaking|Double-Edge|p2b: Indeedee\n|-damage|p2b: Indeedee|0 fnt\n|faint|p2b: Indeedee\n|-damage|p1a: Slaking|78/100|[from] Recoil\n|move|p1b: Oranguru|Skill Swap|p1a: Slaking\n|-activate|p1b: Oranguru|move: Skill Swap|||[of] p1a: Slaking\n|move|p2a: Hatterene|Trick Room|p2a: Hatterene\n|-fieldstart|move: Trick Room|[of] p2a: Hatterene\n|\n|-heal|p1a: Slaking|84/100|[from] item: Leftovers\n|upkeep\n|\n|t:|1735745031\n|switch|p2b: Conkeldurr|Conkeldurr, L50, F, shiny|100/100\n|turn|2\n|c|\u2606greenknightsixVGC|cool\n|\n|t:|1735745042\n|switch|p1b: Rillaboom|Rillaboom, L50, F|100/100\n|-fieldstart|move: Grassy Terrain|[from] ability: Grassy Surge|[of] p1b: Rillaboom\n|-terastallize|p2a: Hatterene|Psychic\n|move|p2a: Hatterene|Expanding Force|p1b: Rillaboom\n|-damage|p1b: Rillaboom|35/100\n|-damage|p2a: Hatterene|91/100|[from] item: Life Orb\n|move|p2b: Conkeldurr|Close Combat|p1a: Slaking\n|-supereffective|p1a: Slaking\n|-damage|p1a: Slaking|0 fnt\n|-unboost|p2b: Conkeldurr|def|1\n|-unboost|p2b: Conkeldurr|spd|1\n|faint|p1a: Slaking\n|\n|-heal|p2a: Hatterene|97/100|[from] Grassy Terrain\n|-heal|p1b: Rillaboom|41/100|[from] Grassy Terrain\n|-status|p2b: Conkeldurr|brn|[from] item: Flame Orb\n|upkeep\n|\n|t:|1735745055\n|switch|p1a: Infernape|Infernape, L50, M|100/100\n|turn|3\n|\n|t:|1735745063\n|move|p1b: Rillaboom|Fake Out|p2a: Hatterene\n|-damage|p2a: Hatterene|80/100\n|move|p1a: Infernape|Fake Out|p2b: Conkeldurr\n|-damage|p2b: Conkeldurr|88/100 brn\n|cant|p2a: Hatterene|flinch\n|cant|p2b: Conkeldurr|flinch\n|\n|-heal|p2a: Hatterene|86/100|[from] Grassy Terrain\n|-heal|p2b: Conkeldurr|94/100 brn|[from] Grassy Terrain\n|-heal|p1b: Rillaboom|47/100|[from] Grassy Terrain\n|-damage|p2b: Conkeldurr|88/100 brn|[from] brn\n|upkeep\n|turn|4\n|\n|t:|1735745084\n|move|p1b: Rillaboom|Grassy Glide|p2b: Conkeldurr\n|-damage|p2b: Conkeldurr|37/100 brn\n|move|p2a: Hatterene|Dazzling Gleam|p1a: Infernape|[spread] p1a,p1b\n|-damage|p1a: Infernape|25/100\n|-damage|p1b: Rillaboom|15/100\n|-damage|p2a: Hatterene|76/100|[from] item: Life Orb\n|move|p2b: Conkeldurr|Close Combat|p1b: Rillaboom\n|-damage|p1b: Rillaboom|0 fnt\n|-unboost|p2b: Conkeldurr|def|1\n|-unboost|p2b: Conkeldurr|spd|1\n|faint|p1b: Rillaboom\n|move|p1a: Infernape|Overheat|p2b: Conkeldurr\n|-damage|p2b: Conkeldurr|0 fnt\n|-unboost|p1a: Infernape|spa|2\n|faint|p2b: Conkeldurr\n|\n|-heal|p2a: Hatterene|82/100|[from] Grassy Terrain\n|-heal|p1a: Infernape|31/100|[from] Grassy Terrain\n|upkeep\n|\n|t:|1735745102\n|switch|p2b: Amoonguss|Amoonguss, L50, F, shiny|100/100\n|switch|p1b: Oranguru|Oranguru, L50, M|100/100\n|turn|5\n|\n|t:|1735745123\n|move|p2a: Hatterene|Dazzling Gleam|p1b: Oranguru|[spread] p1a,p1b\n|-crit|p1a: Infernape\n|-damage|p1a: Infernape|0 fnt\n|-damage|p1b: Oranguru|61/100\n|faint|p1a: Infernape\n|-damage|p2a: Hatterene|72/100|[from] item: Life Orb\n|move|p2b: Amoonguss|Spore|p1b: Oranguru\n|-status|p1b: Oranguru|slp|[from] move: Spore\n|cant|p1b: Oranguru|slp\n|\n|-heal|p2a: Hatterene|79/100|[from] Grassy Terrain\n|-heal|p1b: Oranguru|67/100 slp|[from] Grassy Terrain\n|-fieldend|move: Trick Room\n|upkeep\n|turn|6\n|\n|t:|1735745144\n|cant|p1b: Oranguru|slp\n|move|p2b: Amoonguss|Sludge Bomb|p1b: Oranguru\n|-damage|p1b: Oranguru|44/100 slp\n|move|p2a: Hatterene|Expanding Force|p1b: Oranguru\n|-resisted|p1b: Oranguru\n|-damage|p1b: Oranguru|8/100 slp\n|-damage|p2a: Hatterene|69/100|[from] item: Life Orb\n|\n|-heal|p1b: Oranguru|14/100 slp|[from] Grassy Terrain\n|-heal|p2a: Hatterene|75/100|[from] Grassy Terrain\n|-fieldend|move: Grassy Terrain\n|upkeep\n|turn|7\n|-message|danuwu forfeited.\n|\n|win|greenknightsixVGC\n|raw|danuwu's rating: 1187 &rarr; <strong>1162</strong><br />(-25 for losing)\n|raw|greenknightsixVGC's rating: 1182 &rarr; <strong>1207</strong><br />(+25 for winning)\n|l|\u2606danuwu\n|player|p1|\n|c|\u2606greenknightsixVGC|gg\n|l|\u2606greenknightsixVGC\n|player|p2|\n",
  "uploadtime": 1735745566,
  "views": 207,
  "formatid": "gen9vgc2024regh",
  "rating": 1162,
  "private": 0,
  "password": null
}