{
  "id": "gen9vgc2024regh-2273153859",
  "format": "[Gen 9] VGC 2024 Reg H",
  "players": [
    "tvini25",
    "inferno_on_top"
  ],
  "log": "|j|\u2606tvini25\n|j|\u2606inferno_on_top\n|t:|1735741600\n|gametype|doubles\n|player|p1|tvini25|170|1468\n|player|p2|inferno_on_top|gentleman-gen4|1499\n|teamsize|p1|6\n|teamsize|p2|6\n|gen|9\n|tier|[Gen 9] VGC 2024 Reg H\n|rated|\n|rule|Species Clause: Limit one of each Pok\u00e9mon\n|rule|Item Clause: Limit 1 of each item\n|clearpoke\n|poke|p1|Corviknight, L50, F|\n|poke|p1|Incineroar, L50, M|\n|poke|p1|Sinistcha, L50|\n|poke|p1|Annihilape, L50, F|\n|poke|p1|Ninetales-Alola, L50, F|\n|poke|p1|Hydreigon, L50, M|\n|poke|p2|Dragapult, L50, F|\n|poke|p2|Whimsicott, L50, M|\n|poke|p2|Archaludon, L50, M|\n|poke|p2|Dondozo, L50, M|\n|poke|p2|Tatsugiri, L50, F|\n|poke|p2|Dragonite, L50, M|\n|teampreview|4\n|inactive|Battle timer is ON: inactive players will automatically lose when time's up. (requested by inferno_on_top)\n|inactive|tvini25 has 60 seconds left.\n|\n|t:|1735741660\n|start\n|switch|p1a: Ninetales|Ninetales-Alola, L50, F|100/100\n|switch|p1b: Sinistcha|Sinistcha, L50|100/100\n|switch|p2a: Draga|Dragapult, L50, F|100/100\n|switch|p2b: Dragonite|Dragonite, L50, M|100/100\n|-weather|Snow|[from] ability: Snow Warning|[of] p1a: Ninetales\n|turn|1\n|inactive|tvini25 has 30 seconds left.\n|\n|t:|1735741690\n|-terastallize|p2b: Dragonite|Fire\n|-terastallize|p1b: Sinistcha|Fairy\n|move|p2a: Draga|Phantom Force||[still]\n|-prepare|p2a: Draga|Phantom Force\n|move|p1a: Ninetales|Aurora Veil|p1a: Ninetales\n|-sidestart|p1: tvini25|move: Aurora Veil\n|move|p2b: Dragonite|Fire Punch|p1b: Sinistcha\n|-damage|p1b: Sinistcha|77/100\n|-damage|p2b: Dragonite|84/100|[from] item: Rocky Helmet|[of] p1b: Sinistcha\n|move|p1b: Sinistcha|Trick Room|p1b: Sinistcha\n|-fieldstart|move: Trick Room|[of] p1b: Sinistcha\n|\n|-weather|Snow|[upkeep]\n|upkeep\n|turn|2\n|\n|t:|1735741714\n|switch|p1b: Corviknight|Corviknight, L50, F|100/100\n|switch|p1a: Incineroar|Incineroar, L50, M|100/100\n|-ability|p1a: Incineroar|Intimidate|boost\n|-fail|p2a: Draga|unboost|[from] ability: Clear Body|[of] p2a: Draga\n|-fail|p2b: Dragonite|unboost|Attack|[from] ability: Inner Focus|[of] p2b: Dragonite\n|move|p2b: Dragonite|Fire Punch|p1b: Corviknight\n|-supereffective|p1b: Corviknight\n|-damage|p1b: Corviknight|49/100\n|move|p2a: Draga|Phantom Force|p1b: Corviknight|[from]lockedmove\n|-damage|p1b: Corviknight|16/100\n|-damage|p2a: Draga|91/100|[from] item: Life Orb\n|\n|-weather|Snow|[upkeep]\n|upkeep\n|turn|3\n|inactive|tvini25 has 30 seconds left.\n|\n|t:|1735741741\n|switch|p2b: Dozo|Dondozo, L50, M|100/100\n|switch|p2a: Commander|Tatsugiri, L50, F|100/100\n|-activate|p2a: Commander|ability: Commander|[of] p2b: Dozo\n|-boost|p2b: Dozo|atk|2\n|-boost|p2b: Dozo|spa|2\n|-boost|p2b: Dozo|spe|2\n|-boost|p2b: Dozo|def|2\n|-boost|p2b: Dozo|spd|2\n|move|p1a: Incineroar|Knock Off|p2b: Dozo\n|-damage|p2b: Dozo|85/100\n|-enditem|p2b: Dozo|Clear Amulet|[from] move: Knock Off|[of] p1a: Incineroar\n|move|p1b: Corviknight|Roost|p1b: Corviknight\n|-heal|p1b: Corviknight|66/100\n|-singleturn|p1b: Corviknight|move: Roost\n|\n|-weather|Snow|[upkeep]\n|upkeep\n|turn|4\n|j| stewpeed\n|inactive|tvini25 has 30 seconds left.\n|\n|t:|1735741768\n|switch|p1a: Sinistcha|Sinistcha, L50, tera:Fairy|77/100\n|-heal|p1b: Corviknight|91/100|[from] ability: Hospitality|[of] p1a: Sinistcha\n|move|p2b: Dozo|Protect|p2b: Dozo\n|-singleturn|p2b: Dozo|Protect\n|move|p1b: Corviknight|Roost|p1b: Corviknight\n|-heal|p1b: Corviknight|100/100\n|-singleturn|p1b: Corviknight|move: Roost\n|\n|-weather|Snow|[upkeep]\n|upkeep\n|turn|5\n|\n|t:|1735741782\n|switch|p1a: Incineroar|Incineroar, L50, M|100/100\n|-ability|p1a: Incineroar|Intimidate|boost\n|-unboost|p2a: Commander|atk|1\n|-unboost|p2b: Dozo|atk|1\n|move|p1b: Corviknight|Brave Bird|p2b: Dozo\n|-damage|p2b: Dozo|62/100\n|-damage|p1b: Corviknight|92/100|[from] Recoil\n|move|p2b: Dozo|Wave Crash|p1a: Incineroar\n|-supereffective|p1a: Incineroar\n|-damage|p1a: Incineroar|0 fnt\n|faint|p1a: Incineroar\n|-damage|p2b: Dozo|32/100|[from] Recoil\n|\n|-weather|none\n|-sideend|p1: tvini25|move: Aurora Veil\n|-fieldend|move: Trick Room\n|upkeep\n|\n|t:|1735741796\n|switch|p1a: Sinistcha|Sinistcha, L50, tera:Fairy|77/100\n|-heal|p1b: Corviknight|100/100|[from] ability: Hospitality|[of] p1a: Sinistcha\n|turn|6\n|\n|t:|1735741815\n|move|p2b: Dozo|Wave Crash|p1a: Sinistcha\n|-damage|p1a: Sinistcha|17/100\n|-damage|p2b: Dozo|16/100|[from] item: Rocky Helmet|[of] p1a: Sinistcha\n|-damage|p2b: Dozo|0 fnt|[from] Recoil\n|faint|p2b: Dozo\n|move|p1a: Sinistcha|Life Dew||[still]|[spread] p1a,p1b\n|-heal|p1a: Sinistcha|43/100\n|-fail|p1b: Corviknight|heal\n|move|p1b: Corviknight|Brave Bird|p2a: Commander\n|-enditem|p2a: Commander|Focus Sash\n|-damage|p2a: Commander|1/100\n|-damage|p1b: Corviknight|77/100|[from] Recoil\n|\n|upkeep\n|\n|t:|1735741827\n|switch|p2b: Dragonite|Dragonite, L50, M, tera:Fire|84/100\n|turn|7\n|\n|t:|1735741843\n|move|p2b: Dragonite|Extreme Speed|p1a: Sinistcha\n|-damage|p1a: Sinistcha|19/100\n|-damage|p2b: Dragonite|68/100|[from] item: Rocky Helmet|[of] p1a: Sinistcha\n|move|p1a: Sinistcha|Rage Powder|p1a: Sinistcha\n|-singleturn|p1a: Sinistcha|move: Rage Powder\n|move|p2a: Commander|Surf|p1a: Sinistcha|[spread] p2b,p1a,p1b\n|-supereffective|p2b: Dragonite\n|-damage|p2b: Dragonite|0 fnt\n|-damage|p1a: Sinistcha|0 fnt\n|-damage|p1b: Corviknight|41/100\n|faint|p2b: Dragonite\n|faint|p1a: Sinistcha\n|move|p1b: Corviknight|Tailwind|p1b: Corviknight\n|-sidestart|p1: tvini25|move: Tailwind\n|\n|upkeep\n|\n|t:|1735741855\n|switch|p2b: Draga|Dragapult, L50, F|91/100\n|switch|p1a: Ninetales|Ninetales-Alola, L50, F|100/100\n|-weather|Snow|[from] ability: Snow Warning|[of] p1a: Ninetales\n|turn|8\n|-message|inferno_on_top forfeited.\n|\n|win|tvini25\n|raw|tvini25's rating: 1468 &rarr; <strong>1490</strong><br />(+22 for winning)\n|raw|inferno_on_top's rating: 1499 &rarr; <strong>1477</strong><br />(-22 for losing)\n|l|\u2606inferno_on_top\n|player|p2|\n|l| stewpeed\n|l|\u2606tvini25\n|player|p1|\n",
  "uploadtime": 1735742244,
  "views": 141,
  "formatid": "gen9vgc2024regh",
  "rating": 1477,
  "private": 0,
  "password": null
}