{
  "id": "gen9vgc2024regh-2273195970",
  "format": "[Gen 9] VGC 2024 Reg H",
  "players": [
    "rieken",
    "Eevee_doc"
  ],
  "log": "|j|\u203drieken\n|j|\u2606Eevee_doc\n|t:|1735748422\n|gametype|doubles\n|player|p1|rieken|266|1435\n|player|p2|Eevee_doc|ltsurge|1510\n|teamsize|p1|6\n|teamsize|p2|6\n|gen|9\n|tier|[Gen 9] VGC 2024 Reg H\n|rated|\n|rule|Species Clause: Limit one of each Pok\u00e9mon\n|rule|Item Clause: Limit 1 of each item\n|clearpoke\n|poke|p1|Baxcalibur, L50, M|\n|poke|p1|Kilowattrel, L50, F|\n|poke|p1|Armarouge, L50, M|\n|poke|p1|Magmar, L50, M|\n|poke|p1|Ninetales-Alola, L50, F|\n|poke|p1|Conkeldurr, L50, M|\n|poke|p2|Espeon, L50, M|\n|poke|p2|Umbreon, L50, M|\n|poke|p2|Sylveon, L50, M|\n|poke|p2|Flareon, L50, M|\n|poke|p2|Vaporeon, L50, M|\n|poke|p2|Leafeon, L50, M|\n|teampreview|4\n|inactive|Battle timer is ON: inactive players will automatically lose when time's up. (requested by Eevee_doc)\nEevee_doc rejected open team sheets.\n|inactive|rieken has 60 seconds left.\n|\n|t:|1735748470\n|start\n|switch|p1a: Magmar|Magmar, L50, M|100/100\n|switch|p1b: Kilowattrel|Kilowattrel, L50, F|100/100\n|switch|p2a: Zen|Espeon, L50, M, shiny|100/100\n|switch|p2b: Flow|Leafeon, L50, M, shiny|100/100\n|turn|1\n|j| Analytics Director\n|\n|t:|1735748485\n|move|p1b: Kilowattrel|Tailwind|p1b: Kilowattrel\n|-sidestart|p1: rieken|move: Tailwind\n|move|p1a: Magmar|Will-O-Wisp|p2b: Flow\n|-status|p2b: Flow|brn\n|move|p2b: Flow|Knock Off|p1b: Kilowattrel\n|-damage|p1b: Kilowattrel|71/100\n|-enditem|p1b: Kilowattrel|Focus Sash|[from] move: Knock Off|[of] p2b: Flow\n|move|p2a: Zen|Trick Room|p2a: Zen\n|-fieldstart|move: Trick Room|[of] p2a: Zen\n|\n|-damage|p2b: Flow|95/100 brn|[from] brn\n|upkeep\n|turn|2\n|\n|t:|1735748499\n|move|p1a: Magmar|Follow Me|p1a: Magmar\n|-singleturn|p1a: Magmar|move: Follow Me\n|move|p2b: Flow|Knock Off|p1a: Magmar\n|-damage|p1a: Magmar|86/100\n|-enditem|p1a: Magmar|Eviolite|[from] move: Knock Off|[of] p2b: Flow\n|move|p2a: Zen|Psychic Terrain|p2a: Zen\n|-fieldstart|move: Psychic Terrain\n|move|p1b: Kilowattrel|Air Cutter|p2b: Flow|[spread] p2a,p2b\n|-crit|p2a: Zen\n|-supereffective|p2b: Flow\n|-damage|p2a: Zen|69/100\n|-damage|p2b: Flow|55/100 brn\n|\n|-damage|p2b: Flow|49/100 brn|[from] brn\n|upkeep\n|turn|3\n|\n|t:|1735748514\n|switch|p2b: Shade|Umbreon, L50, M, shiny|100/100\n|move|p1b: Kilowattrel|Protect|p1b: Kilowattrel\n|-singleturn|p1b: Kilowattrel|Protect\n|move|p2a: Zen|Expanding Force|p1a: Magmar|[spread] p1a\n|-activate|p1b: Kilowattrel|move: Protect\n|-damage|p1a: Magmar|16/100\n|move|p1a: Magmar|Lava Plume|p2a: Zen|[spread] p2a,p2b\n|-activate|p1b: Kilowattrel|move: Protect\n|-damage|p2a: Zen|48/100\n|-damage|p2b: Shade|90/100\n|-status|p2b: Shade|brn\n|\n|-damage|p2b: Shade|84/100 brn|[from] brn\n|upkeep\n|turn|4\n|\n|t:|1735748536\n|move|p1a: Magmar|Follow Me|p1a: Magmar\n|-singleturn|p1a: Magmar|move: Follow Me\n|move|p2b: Shade|Foul Play|p1a: Magmar\n|-damage|p1a: Magmar|2/100\n|move|p2a: Zen|Expanding Force|p1a: Magmar|[spread] p1a,p1b\n|-damage|p1a: Magmar|0 fnt\n|-damage|p1b: Kilowattrel|0 fnt\n|faint|p1a: Magmar\n|faint|p1b: Kilowattrel\n|\n|-damage|p2b: Shade|78/100 brn|[from] brn\n|-sideend|p1: rieken|move: Tailwind\n|upkeep\n|\n|t:|1735748543\n|switch|p1a: Conkeldurr|Conkeldurr, L50, M|100/100\n|switch|p1b: Armarouge|Armarouge, L50, M|100/100\n|turn|5\n|\n|t:|1735748564\n|-terastallize|p1a: Conkeldurr|Dark\n|move|p1a: Conkeldurr|Drain Punch|p2b: Shade\n|-supereffective|p2b: Shade\n|-damage|p2b: Shade|0 fnt\n|-damage|p1a: Conkeldurr|84/100|[from] item: Rocky Helmet|[of] p2b: Shade\n|faint|p2b: Shade\n|move|p2a: Zen|Expanding Force|p1b: Armarouge|[spread] p1b\n|-immune|p1a: Conkeldurr\n|-resisted|p1b: Armarouge\n|-damage|p1b: Armarouge|56/100\n|move|p1b: Armarouge|Heat Wave|p2a: Zen\n|-damage|p2a: Zen|0 fnt\n|faint|p2a: Zen\n|\n|-heal|p1a: Conkeldurr|90/100|[from] item: Leftovers\n|-fieldend|move: Trick Room\n|upkeep\n|\n|t:|1735748577\n|switch|p2a: Twinkle|Sylveon, L50, M, shiny|100/100\n|switch|p2b: Flow|Leafeon, L50, M, shiny|49/100 brn\n|turn|6\n|\n|t:|1735748593\n|move|p2a: Twinkle|Detect|p2a: Twinkle\n|-singleturn|p2a: Twinkle|Protect\n|move|p1b: Armarouge|Heat Wave|p2b: Flow|[spread] p2b\n|-activate|p2a: Twinkle|move: Protect\n|-supereffective|p2b: Flow\n|-damage|p2b: Flow|0 fnt\n|faint|p2b: Flow\n|move|p1a: Conkeldurr|Knock Off|p2a: Twinkle\n|-activate|p2a: Twinkle|move: Protect\n|\n|-heal|p1a: Conkeldurr|97/100|[from] item: Leftovers\n|-fieldend|move: Psychic Terrain\n|upkeep\n|turn|7\n|\n|t:|1735748598\n|move|p1b: Armarouge|Heat Wave|p2a: Twinkle\n|-damage|p2a: Twinkle|44/100\n|move|p2a: Twinkle|Hyper Voice|p1b: Armarouge|[spread] p1a,p1b\n|-supereffective|p1a: Conkeldurr\n|-resisted|p1b: Armarouge\n|-damage|p1a: Conkeldurr|0 fnt\n|-damage|p1b: Armarouge|23/100\n|faint|p1a: Conkeldurr\n|-damage|p2a: Twinkle|34/100|[from] item: Life Orb\n|\n|upkeep\n|turn|8\n|\n|t:|1735748611\n|move|p1b: Armarouge|Heat Wave|p2a: Twinkle\n|-damage|p2a: Twinkle|0 fnt\n|faint|p2a: Twinkle\n|\n|win|rieken\n|raw|rieken's rating: 1435 &rarr; <strong>1459</strong><br />(+24 for winning)\n|raw|Eevee_doc's rating: 1510 &rarr; <strong>1486</strong><br />(-24 for losing)\n|l|\u203drieken\n|player|p1|\n|l|\u2606Eevee_doc\n|player|p2|\n",
  "uploadtime": 1735748751,
  "views": 122,
  "formatid": "gen9vgc2024regh",
  "rating": 1459,
  "private": 0,
  "password": null
}