{
  "id": "gen9vgc2024regh-2273217277",
  "format": "[Gen 9] VGC 2024 Reg H",
  "players": [
    "omempoderoso",
    "RyanBroBryan"
  ],
  "log": "|j|\u2606omempoderoso\n|j|\u2606RyanBroBryan\n|t:|1735751459\n|gametype|doubles\n|player|p1|omempoderoso|1|1236\n|player|p2|RyanBroBryan|worker-gen4|1292\n|teamsize|p1|6\n|teamsize|p2|6\n|gen|9\n|tier|[Gen 9] VGC 2024 Reg H\n|rated|\n|rule|Species Clause: Limit one of each Pok\u00e9mon\n|rule|Item Clause: Limit 1 of each item\n|clearpoke\n|poke|p1|Whimsicott, L50, F|\n|poke|p1|Ursaluna, L50, M|\n|poke|p1|Typhlosion-Hisui, L50, M|\n|poke|p1|Staraptor, L50, F|\n|poke|p1|Metagross, L50|\n|poke|p1|Hydreigon, L50, M|\n|poke|p2|Dragapult, L50, M|\n|poke|p2|Sneasler, L50, M|\n|poke|p2|Incineroar, L50, F|\n|poke|p2|Rillaboom, L50, F|\n|poke|p2|Pelipper, L50, M|\n|poke|p2|Archaludon, L50, M|\n|teampreview|4\n|inactive|Battle timer is ON: inactive players will automatically lose when time's up. (requested by omempoderoso)\nRyanBroBryan rejected open team sheets.\n|inactive|RyanBroBryan has 60 seconds left.\n|\n|t:|1735751497\n|start\n|switch|p1a: Whimsicott|Whimsicott, L50, F|100/100\n|switch|p1b: Staraptor|Staraptor, L50, F|100/100\n|switch|p2a: Sneasler|Sneasler, L50, M|100/100\n|switch|p2b: Rillaboom|Rillaboom, L50, F|100/100\n|-ability|p1b: Staraptor|Intimidate|boost\n|-unboost|p2a: Sneasler|atk|1\n|-unboost|p2b: Rillaboom|atk|1\n|-fieldstart|move: Grassy Terrain|[from] ability: Grassy Surge|[of] p2b: Rillaboom\n|-enditem|p2a: Sneasler|Grassy Seed\n|-boost|p2a: Sneasler|def|1|[from] item: Grassy Seed\n|turn|1\n|inactive|RyanBroBryan has 30 seconds left.\n|inactive|RyanBroBryan has 20 seconds left.\n|inactive|RyanBroBryan has 15 seconds left.\n|\n|t:|1735751539\n|switch|p2b: Dragapult|Dragapult, L50, M|100/100\n|move|p1a: Whimsicott|Protect|p1a: Whimsicott\n|-singleturn|p1a: Whimsicott|Protect\n|move|p2a: Sneasler|Protect|p2a: Sneasler\n|-singleturn|p2a: Sneasler|Protect\n|move|p1b: Staraptor|Brave Bird|p2b: Dragapult\n|-damage|p2b: Dragapult|23/100\n|-damage|p1b: Staraptor|79/100|[from] Recoil\n|\n|-heal|p2b: Dragapult|29/100|[from] Grassy Terrain\n|upkeep\n|turn|2\n|\n|t:|1735751556\n|move|p1a: Whimsicott|Tailwind|p1a: Whimsicott\n|-sidestart|p1: omempoderoso|move: Tailwind\n|move|p2a: Sneasler|Dire Claw|p1a: Whimsicott\n|-supereffective|p1a: Whimsicott\n|-enditem|p1a: Whimsicott|Focus Sash\n|-damage|p1a: Whimsicott|1/100\n|-status|p1a: Whimsicott|slp\n|move|p1b: Staraptor|Brave Bird|p2b: Dragapult\n|-damage|p2b: Dragapult|0 fnt\n|faint|p2b: Dragapult\n|-damage|p1b: Staraptor|71/100|[from] Recoil\n|\n|-heal|p1a: Whimsicott|7/100 slp|[from] Grassy Terrain\n|upkeep\n|\n|t:|1735751569\n|switch|p2b: Rillaboom|Rillaboom, L50, F|100/100\n|turn|3\n|\n|t:|1735751579\n|-terastallize|p2b: Rillaboom|Fire\n|cant|p1a: Whimsicott|slp\n|move|p2b: Rillaboom|Grassy Glide|p1b: Staraptor\n|-resisted|p1b: Staraptor\n|-damage|p1b: Staraptor|49/100\n|move|p2a: Sneasler|Coaching|p2b: Rillaboom\n|-boost|p2b: Rillaboom|atk|1\n|-boost|p2b: Rillaboom|def|1\n|move|p1b: Staraptor|Brave Bird|p2b: Rillaboom\n|-damage|p2b: Rillaboom|66/100\n|-damage|p1b: Staraptor|38/100|[from] Recoil\n|\n|-heal|p1a: Whimsicott|13/100 slp|[from] Grassy Terrain\n|-heal|p2b: Rillaboom|72/100|[from] Grassy Terrain\n|-heal|p2b: Rillaboom|79/100|[from] item: Leftovers\n|upkeep\n|turn|4\n|\n|t:|1735751603\n|move|p2a: Sneasler|Coaching|p2b: Rillaboom\n|-boost|p2b: Rillaboom|atk|1\n|-boost|p2b: Rillaboom|def|1\n|cant|p1a: Whimsicott|slp\n|move|p1b: Staraptor|U-turn|p2b: Rillaboom\n|-resisted|p2b: Rillaboom\n|-damage|p2b: Rillaboom|73/100\n|\n|t:|1735751611\n|switch|p1b: Typhlosion|Typhlosion-Hisui, L50, M|100/100|[from] U-turn\n|move|p2b: Rillaboom|Wood Hammer|p1b: Typhlosion\n|-resisted|p1b: Typhlosion\n|-damage|p1b: Typhlosion|0 fnt\n|faint|p1b: Typhlosion\n|-damage|p2b: Rillaboom|48/100|[from] Recoil\n|\n|-heal|p1a: Whimsicott|19/100 slp|[from] Grassy Terrain\n|-heal|p2b: Rillaboom|54/100|[from] Grassy Terrain\n|-heal|p2b: Rillaboom|60/100|[from] item: Leftovers\n|upkeep\n|c|\u2606RyanBroBryan|crazy\n|\n|t:|1735751618\n|switch|p1b: Staraptor|Staraptor, L50, F|38/100\n|-ability|p1b: Staraptor|Intimidate|boost\n|-unboost|p2a: Sneasler|atk|1\n|-unboost|p2b: Rillaboom|atk|1\n|turn|5\n|\n|t:|1735751635\n|move|p2b: Rillaboom|Grassy Glide|p1a: Whimsicott\n|-resisted|p1a: Whimsicott\n|-damage|p1a: Whimsicott|0 fnt\n|faint|p1a: Whimsicott\n|move|p2a: Sneasler|Coaching|p2b: Rillaboom\n|-boost|p2b: Rillaboom|atk|1\n|-boost|p2b: Rillaboom|def|1\n|move|p1b: Staraptor|Brave Bird|p2a: Sneasler\n|-supereffective|p2a: Sneasler\n|-damage|p2a: Sneasler|0 fnt\n|faint|p2a: Sneasler\n|-damage|p1b: Staraptor|11/100|[from] Recoil\n|\n|-heal|p2b: Rillaboom|66/100|[from] Grassy Terrain\n|-heal|p2b: Rillaboom|72/100|[from] item: Leftovers\n|-sideend|p1: omempoderoso|move: Tailwind\n|-fieldend|move: Grassy Terrain\n|upkeep\n|\n|t:|1735751651\n|switch|p2a: Pelipper|Pelipper, L50, M|100/100\n|switch|p1a: Ursaluna|Ursaluna, L50, M|100/100\n|-weather|RainDance|[from] ability: Drizzle|[of] p2a: Pelipper\n|turn|6\n|\n|t:|1735751669\n|move|p1a: Ursaluna|Protect|p1a: Ursaluna\n|-singleturn|p1a: Ursaluna|Protect\n|move|p2a: Pelipper|Wide Guard|p2a: Pelipper\n|-singleturn|p2a: Pelipper|Wide Guard\n|move|p1b: Staraptor|Brave Bird|p2b: Rillaboom\n|-damage|p2b: Rillaboom|50/100\n|-damage|p1b: Staraptor|4/100|[from] Recoil\n|move|p2b: Rillaboom|Grassy Glide|p1b: Staraptor\n|-resisted|p1b: Staraptor\n|-damage|p1b: Staraptor|0 fnt\n|faint|p1b: Staraptor\n|\n|-weather|RainDance|[upkeep]\n|-heal|p2b: Rillaboom|57/100|[from] item: Leftovers\n|-status|p1a: Ursaluna|brn|[from] item: Flame Orb\n|upkeep\n|turn|7\n|\n|t:|1735751688\n|-terastallize|p1a: Ursaluna|Ghost\n|move|p2a: Pelipper|Weather Ball|p1a: Ursaluna\n|-damage|p1a: Ursaluna|46/100 brn\n|move|p2b: Rillaboom|Wood Hammer|p1a: Ursaluna\n|-damage|p1a: Ursaluna|0 fnt\n|faint|p1a: Ursaluna\n|-damage|p2b: Rillaboom|38/100|[from] Recoil\n|\n|win|RyanBroBryan\n|raw|omempoderoso's rating: 1236 &rarr; <strong>1215</strong><br />(-21 for losing)\n|raw|RyanBroBryan's rating: 1292 &rarr; <strong>1313</strong><br />(+21 for winning)\n|l|\u2606omempoderoso\n|player|p1|\n|l|\u2606RyanBroBryan\n|player|p2|\n",
  "uploadtime": 1735752073,
  "views": 348,
  "formatid": "gen9vgc2024regh",
  "rating": 1215,
  "private": 0,
  "password": null
}