{
  "id": "gen9vgc2024regh-2273139056",
  "format": "[Gen 9] VGC 2024 Reg H",
  "players": [
    "namuletta",
    "Kubo-kun"
  ],
  "log": "|j|\u2606namuletta\n|j|\u2606Kubo-kun\n|t:|1735738794\n|gametype|doubles\n|player|p1|namuletta|gardenia|1060\n|player|p2|Kubo-kun|101|1074\n|teamsize|p1|6\n|teamsize|p2|6\n|gen|9\n|tier|[Gen 9] VGC 2024 Reg H\n|rated|\n|rule|Species Clause: Limit one of each Pok\u00e9mon\n|rule|Item Clause: Limit 1 of each item\n|clearpoke\n|poke|p1|Whimsicott, L50, F|\n|poke|p1|Torterra, L50, F|\n|poke|p1|Lurantis, L50, F|\n|poke|p1|Trevenant, L50, F|\n|poke|p1|Shiftry, L50, F|\n|poke|p1|Scovillain, L50, F|\n|poke|p2|Typhlosion-Hisui, L50, M|\n|poke|p2|Comfey, L50, F|\n|poke|p2|Ursaluna-Bloodmoon, L50, M|\n|poke|p2|Incineroar, L50, M|\n|poke|p2|Empoleon, L50, M|\n|poke|p2|Baxcalibur, L50, F|\n|teampreview|4\n|\n|t:|1735738814\n|start\n|switch|p1a: Whimsicott|Whimsicott, L50, F, shiny|100/100\n|switch|p1b: Lurantis|Lurantis, L50, F|100/100\n|switch|p2a: Incineroar|Incineroar, L50, M|100/100\n|switch|p2b: Baxcalibur|Baxcalibur, L50, F|100/100\n|-ability|p2a: Incineroar|Intimidate|boost\n|-unboost|p1a: Whimsicott|atk|1\n|-boost|p1b: Lurantis|atk|1\n|turn|1\n|\n|t:|1735738831\n|-terastallize|p1b: Lurantis|Ghost\n|move|p2a: Incineroar|Fake Out|p1b: Lurantis\n|-immune|p1b: Lurantis\n|move|p1a: Whimsicott|Leech Seed|p2b: Baxcalibur\n|-start|p2b: Baxcalibur|move: Leech Seed\n|move|p2b: Baxcalibur|Icicle Spear|p1b: Lurantis\n|-damage|p1b: Lurantis|85/100\n|-crit|p1b: Lurantis\n|-damage|p1b: Lurantis|61/100\n|-damage|p1b: Lurantis|47/100\n|-damage|p1b: Lurantis|31/100\n|-damage|p1b: Lurantis|15/100\n|-hitcount|p1b: Lurantis|5\n|move|p1b: Lurantis|Superpower|p2a: Incineroar\n|-supereffective|p2a: Incineroar\n|-damage|p2a: Incineroar|0 fnt\n|-boost|p1b: Lurantis|atk|1\n|-boost|p1b: Lurantis|def|1\n|faint|p2a: Incineroar\n|\n|-damage|p2b: Baxcalibur|88/100|[from] Leech Seed|[of] p1a: Whimsicott\n|upkeep\n|\n|t:|1735738849\n|switch|p2a: Typhlosion|Typhlosion-Hisui, L50, M|100/100\n|turn|2\n|\n|t:|1735738858\n|switch|p2b: Comfey|Comfey, L50, F|100/100\n|move|p1b: Lurantis|Protect|p1b: Lurantis\n|-singleturn|p1b: Lurantis|Protect\n|move|p1a: Whimsicott|Dazzling Gleam|p2b: Comfey|[spread] p2a,p2b\n|-resisted|p2a: Typhlosion\n|-damage|p2a: Typhlosion|90/100\n|-damage|p2b: Comfey|81/100\n|move|p2a: Typhlosion|Eruption|p1a: Whimsicott|[spread] p1a\n|-activate|p1b: Lurantis|move: Protect\n|-supereffective|p1a: Whimsicott\n|-damage|p1a: Whimsicott|0 fnt\n|faint|p1a: Whimsicott\n|\n|upkeep\n|\n|t:|1735738874\n|switch|p1a: Torterra|Torterra, L50, F|100/100\n|turn|3\n|\n|t:|1735738881\n|move|p1a: Torterra|Wide Guard|p1a: Torterra\n|-singleturn|p1a: Torterra|Wide Guard\n|move|p2a: Typhlosion|Eruption|p1b: Lurantis|[spread] \n|-activate|p1a: Torterra|move: Wide Guard\n|-activate|p1b: Lurantis|move: Wide Guard\n|move|p1b: Lurantis|Leech Life|p2a: Typhlosion\n|-resisted|p2a: Typhlosion\n|-damage|p2a: Typhlosion|73/100\n|-heal|p1b: Lurantis|22/100|[from] drain|[of] p2a: Typhlosion\n|move|p2b: Comfey|Trick Room|p2b: Comfey\n|-fieldstart|move: Trick Room|[of] p2b: Comfey\n|\n|upkeep\n|turn|4\n|\n|t:|1735738899\n|switch|p2a: Baxcalibur|Baxcalibur, L50, F|88/100\n|move|p1b: Lurantis|Protect|p1b: Lurantis\n|-singleturn|p1b: Lurantis|Protect\n|move|p2b: Comfey|Draining Kiss|p1b: Lurantis\n|-activate|p1b: Lurantis|move: Protect\n|move|p1a: Torterra|Earthquake|p2b: Comfey|[spread] p2a,p2b\n|-activate|p1b: Lurantis|move: Protect\n|-damage|p2a: Baxcalibur|66/100\n|-damage|p2b: Comfey|50/100\n|-enditem|p2b: Comfey|Sitrus Berry|[eat]\n|-heal|p2b: Comfey|74/100|[from] item: Sitrus Berry\n|\n|upkeep\n|turn|5\n|\n|t:|1735738918\n|move|p2b: Comfey|Floral Healing|p2a: Baxcalibur\n|-heal|p2a: Baxcalibur|100/100\n|move|p1b: Lurantis|Superpower|p2a: Baxcalibur\n|-supereffective|p2a: Baxcalibur\n|-damage|p2a: Baxcalibur|0 fnt\n|-boost|p1b: Lurantis|atk|1\n|-boost|p1b: Lurantis|def|1\n|faint|p2a: Baxcalibur\n|move|p1a: Torterra|Heavy Slam|p2b: Comfey\n|-supereffective|p2b: Comfey\n|-damage|p2b: Comfey|11/100\n|\n|upkeep\n|\n|t:|1735738928\n|switch|p2a: Typhlosion|Typhlosion-Hisui, L50, M|73/100\n|turn|6\n|\n|t:|1735738942\n|move|p1a: Torterra|Wide Guard|p1a: Torterra\n|-singleturn|p1a: Torterra|Wide Guard\n|move|p2b: Comfey|Draining Kiss|p1b: Lurantis\n|-damage|p1b: Lurantis|5/100\n|-heal|p2b: Comfey|29/100|[from] drain|[of] p1b: Lurantis\n|move|p1b: Lurantis|Night Slash|p2a: Typhlosion\n|-supereffective|p2a: Typhlosion\n|-damage|p2a: Typhlosion|0 fnt\n|faint|p2a: Typhlosion\n|\n|upkeep\n|turn|7\n|-message|Kubo-kun forfeited.\n|\n|win|namuletta\n|raw|namuletta's rating: 1060 &rarr; <strong>1092</strong><br />(+32 for winning)\n|raw|Kubo-kun's rating: 1074 &rarr; <strong>1052</strong><br />(-22 for losing)\n|l|\u2606Kubo-kun\n|player|p2|\n|l|\u2606namuletta\n|player|p1|\n",
  "uploadtime": 1735739336,
  "views": 14,
  "formatid": "gen9vgc2024regh",
  "rating": 1052,
  "private": 0,
  "password": null
}