{
  "id": "gen9vgc2024regh-2273185773",
  "format": "[Gen 9] VGC 2024 Reg H",
  "players": [
    "sdfgsg",
    "yatokirito"
  ],
  "log": "|j|\u2606sdfgsg\n|j|\u2606yatokirito\n|t:|1735746874\n|gametype|doubles\n|player|p1|sdfgsg|iris|1235\n|player|p2|yatokirito|101|1118\n|teamsize|p1|6\n|teamsize|p2|6\n|gen|9\n|tier|[Gen 9] VGC 2024 Reg H\n|rated|\n|rule|Species Clause: Limit one of each Pok\u00e9mon\n|rule|Item Clause: Limit 1 of each item\n|clearpoke\n|poke|p1|Noivern, L50, M|\n|poke|p1|Araquanid, L50, M|\n|poke|p1|Shiftry, L50, F|\n|poke|p1|Clefairy, L50, M|\n|poke|p1|Porygon-Z, L50|\n|poke|p1|Kingambit, L50, M|\n|poke|p2|Gardevoir, L50, M|\n|poke|p2|Noivern, L50, M|\n|poke|p2|Garchomp, L50, M|\n|poke|p2|Kilowattrel, L50, F|\n|poke|p2|Magnezone, L50|\n|poke|p2|Slaking, L50, F|\n|teampreview|4\n|\n|t:|1735746904\n|start\n|switch|p1a: Porygon-Z|Porygon-Z, L50|100/100\n|switch|p1b: Clefairy|Clefairy, L50, M|100/100\n|switch|p2a: Kilowattrel|Kilowattrel, L50, F|100/100\n|switch|p2b: Noivern|Noivern, L50, M|100/100\n|turn|1\n|\n|t:|1735746923\n|move|p2a: Kilowattrel|Discharge|p1b: Clefairy|[spread] p1a,p1b\n|-activate|p2b: Noivern|ability: Telepathy\n|-damage|p1a: Porygon-Z|78/100\n|-damage|p1b: Clefairy|82/100\n|-status|p1b: Clefairy|par\n|move|p2b: Noivern|Air Slash|p1a: Porygon-Z\n|-damage|p1a: Porygon-Z|51/100\n|cant|p1a: Porygon-Z|flinch\n|cant|p1b: Clefairy|par\n|\n|upkeep\n|turn|2\n|\n|t:|1735746950\n|move|p2a: Kilowattrel|Discharge|p1b: Clefairy|[spread] p1a,p1b\n|-activate|p2b: Noivern|ability: Telepathy\n|-damage|p1a: Porygon-Z|25/100\n|-damage|p1b: Clefairy|63/100 par\n|move|p2b: Noivern|Air Slash|p1b: Clefairy\n|-damage|p1b: Clefairy|41/100 par\n|move|p1a: Porygon-Z|Blizzard|p2b: Noivern|[spread] p2a,p2b\n|-supereffective|p2a: Kilowattrel\n|-supereffective|p2b: Noivern\n|-enditem|p2a: Kilowattrel|Focus Sash\n|-damage|p2a: Kilowattrel|1/100\n|-damage|p2b: Noivern|0 fnt\n|faint|p2b: Noivern\n|move|p1b: Clefairy|Light Screen|p1b: Clefairy\n|-sidestart|p1: sdfgsg|move: Light Screen\n|\n|upkeep\n|\n|t:|1735746968\n|switch|p2b: Garchomp|Garchomp, L50, M|100/100\n|turn|3\n|\n|t:|1735746975\n|move|p2a: Kilowattrel|Tailwind|p2a: Kilowattrel\n|-sidestart|p2: yatokirito|move: Tailwind\n|move|p2b: Garchomp|Earthquake|p1b: Clefairy|[spread] p1a,p1b\n|-immune|p2a: Kilowattrel\n|-damage|p1a: Porygon-Z|0 fnt\n|-damage|p1b: Clefairy|0 fnt\n|faint|p1a: Porygon-Z\n|faint|p1b: Clefairy\n|-damage|p2b: Garchomp|91/100|[from] item: Life Orb\n|\n|upkeep\n|\n|t:|1735746982\n|switch|p1a: Araquanid|Araquanid, L50, M|100/100\n|switch|p1b: Kingambit|Kingambit, L50, M|100/100\n|turn|4\n|\n|t:|1735746992\n|-terastallize|p2b: Garchomp|Ground\n|move|p1a: Araquanid|Wide Guard|p1a: Araquanid\n|-singleturn|p1a: Araquanid|Wide Guard\n|move|p2a: Kilowattrel|Air Slash|p1a: Araquanid\n|-supereffective|p1a: Araquanid\n|-damage|p1a: Araquanid|63/100\n|move|p2b: Garchomp|Earthquake|p1b: Kingambit|[spread] \n|-activate|p1a: Araquanid|move: Wide Guard\n|-activate|p1b: Kingambit|move: Wide Guard\n|-immune|p2a: Kilowattrel\n|move|p1b: Kingambit|Iron Head|p2a: Kilowattrel\n|-resisted|p2a: Kilowattrel\n|-damage|p2a: Kilowattrel|0 fnt\n|faint|p2a: Kilowattrel\n|\n|upkeep\n|\n|t:|1735747006\n|switch|p2a: Slaking|Slaking, L50, F|100/100\n|turn|5\n|-message|sdfgsg forfeited.\n|\n|win|yatokirito\n|raw|sdfgsg's rating: 1204 &rarr; <strong>1173</strong><br />(-31 for losing)\n|raw|yatokirito's rating: 1118 &rarr; <strong>1149</strong><br />(+31 for winning)\n|l|\u2606sdfgsg\n|player|p1|\n|l|\u2606yatokirito\n|player|p2|\n",
  "uploadtime": 1735747366,
  "views": 118,
  "formatid": "gen9vgc2024regh",
  "rating": 1149,
  "private": 0,
  "password": null
}