{
  "id": "gen9vgc2024regh-2273167661",
  "format": "[Gen 9] VGC 2024 Reg H",
  "players": [
    "SniffLazer",
    "DanLexLD"
  ],
  "log": "|j|\u2606SniffLazer\n|j|\u2606DanLexLD\n|t:|1735743970\n|gametype|doubles\n|player|p1|SniffLazer|1|1291\n|player|p2|DanLexLD|101|1288\n|teamsize|p1|6\n|teamsize|p2|6\n|gen|9\n|tier|[Gen 9] VGC 2024 Reg H\n|rated|\n|rule|Species Clause: Limit one of each Pok\u00e9mon\n|rule|Item Clause: Limit 1 of each item\n|clearpoke\n|poke|p1|Glimmora, L50, F|\n|poke|p1|Ursaluna-Bloodmoon, L50, M|\n|poke|p1|Farigiraf, L50, F|\n|poke|p1|Amoonguss, L50, F|\n|poke|p1|Clodsire, L50, F|\n|poke|p1|Quaquaval, L50, F|\n|poke|p2|Torkoal, L50, M|\n|poke|p2|Jumpluff, L50, M|\n|poke|p2|Charizard, L50, M|\n|poke|p2|Lilligant-Hisui, L50, F|\n|poke|p2|Dragonite, L50, M|\n|poke|p2|Weezing-Galar, L50, F|\n|teampreview|4\n|inactive|Battle timer is ON: inactive players will automatically lose when time's up. (requested by SniffLazer)\n|\n|t:|1735744011\n|start\n|switch|p1a: Quaquaval|Quaquaval, L50, F|100/100\n|switch|p1b: Glimmora|Glimmora, L50, F|100/100\n|switch|p2a: Torkoal|Torkoal, L50, M|100/100\n|switch|p2b: Charizard|Charizard, L50, M|100/100\n|-weather|SunnyDay|[from] ability: Drought|[of] p2a: Torkoal\n|turn|1\n|\n|t:|1735744029\n|move|p2a: Torkoal|Helping Hand|p2b: Charizard\n|-singleturn|p2b: Charizard|Helping Hand|[of] p2a: Torkoal\n|move|p1a: Quaquaval|Flip Turn|p2b: Charizard\n|-supereffective|p2b: Charizard\n|-damage|p2b: Charizard|60/100\n|\n|t:|1735744036\n|switch|p1a: Farigiraf|Farigiraf, L50, F|100/100|[from] Flip Turn\n|move|p2b: Charizard|Heat Wave|p1b: Glimmora|[spread] p1a,p1b\n|-resisted|p1b: Glimmora\n|-damage|p1a: Farigiraf|0 fnt\n|-damage|p1b: Glimmora|6/100\n|faint|p1a: Farigiraf\n|move|p1b: Glimmora|Meteor Beam||[still]\n|-prepare|p1b: Glimmora|Meteor Beam\n|-boost|p1b: Glimmora|spa|1\n|-enditem|p1b: Glimmora|Power Herb\n|-anim|p1b: Glimmora|Meteor Beam|p2a: Torkoal\n|-supereffective|p2a: Torkoal\n|-damage|p2a: Torkoal|0 fnt\n|faint|p2a: Torkoal\n|\n|-weather|SunnyDay|[upkeep]\n|-damage|p2b: Charizard|48/100|[from] ability: Solar Power|[of] p2b: Charizard\n|upkeep\n|inactive|DanLexLD has 30 seconds left.\n|\n|t:|1735744062\n|switch|p1a: Quaquaval|Quaquaval, L50, F|100/100\n|switch|p2a: Jumpluff|Jumpluff, L50, M|100/100\n|turn|2\n|inactive|SniffLazer has 30 seconds left.\n|inactive|SniffLazer has 20 seconds left.\n|\n|t:|1735744099\n|move|p2a: Jumpluff|Rage Powder|p2a: Jumpluff\n|-singleturn|p2a: Jumpluff|move: Rage Powder\n|move|p1a: Quaquaval|Aqua Step|p2a: Jumpluff\n|-resisted|p2a: Jumpluff\n|-damage|p2a: Jumpluff|87/100\n|-boost|p1a: Quaquaval|spe|1\n|move|p2b: Charizard|Heat Wave|p1a: Quaquaval|[spread] p1a,p1b\n|-resisted|p1a: Quaquaval\n|-resisted|p1b: Glimmora\n|-damage|p1a: Quaquaval|19/100\n|-damage|p1b: Glimmora|0 fnt\n|faint|p1b: Glimmora\n|\n|-weather|SunnyDay|[upkeep]\n|-damage|p2b: Charizard|35/100|[from] ability: Solar Power|[of] p2b: Charizard\n|upkeep\n|\n|t:|1735744111\n|switch|p1b: Ursaluna|Ursaluna-Bloodmoon, L50, M|100/100\n|turn|3\n|c|\u2606DanLexLD|!data aqua step\n|raw|<ul class=\"utilichart\"><li class=\"result\"><span class=\"col movenamecol\"><a href=\"https://dex.pokemonshowdown.com/moves/aquastep\">Aqua Step</a></span> <span class=\"col typecol\"><img src=\"//play.pokemonshowdown.com/sprites/types/Water.png\" alt=\"Water\" width=\"32\" height=\"14\"><img src=\"//play.pokemonshowdown.com/sprites/categories/Physical.png\" alt=\"Physical\" width=\"32\" height=\"14\"></span> <span class=\"col labelcol\"><em>Power</em><br>80</span> <span class=\"col widelabelcol\"><em>Accuracy</em><br>100%</span> <span class=\"col pplabelcol\"><em>PP</em><br>16</span> <span class=\"col movedesccol\">100% chance to raise the user's Speed by 1.</span> </li><li style=\"clear:both\"></li></ul>\n\n|\n|t:|1735744128\n|-terastallize|p1b: Ursaluna|Normal\n|move|p2a: Jumpluff|Rage Powder|p2a: Jumpluff\n|-singleturn|p2a: Jumpluff|move: Rage Powder\n|move|p1a: Quaquaval|Aqua Step|p2a: Jumpluff\n|-resisted|p2a: Jumpluff\n|-damage|p2a: Jumpluff|76/100\n|-boost|p1a: Quaquaval|spe|1\n|move|p2b: Charizard|Heat Wave|p1a: Quaquaval|[spread] p1a\n|-miss|p2b: Charizard|p1b: Ursaluna\n|-resisted|p1a: Quaquaval\n|-damage|p1a: Quaquaval|0 fnt\n|faint|p1a: Quaquaval\n|move|p1b: Ursaluna|Blood Moon|p2a: Jumpluff\n|-damage|p2a: Jumpluff|0 fnt\n|faint|p2a: Jumpluff\n|-damage|p1b: Ursaluna|91/100|[from] item: Life Orb\n|\n|-weather|SunnyDay|[upkeep]\n|-damage|p2b: Charizard|23/100|[from] ability: Solar Power|[of] p2b: Charizard\n|upkeep\n|\n|t:|1735744142\n|switch|p2a: Lilligant|Lilligant-Hisui, L50, F|100/100\n|turn|4\n|\n|t:|1735744154\n|move|p1b: Ursaluna|Protect|p1b: Ursaluna\n|-singleturn|p1b: Ursaluna|Protect\n|move|p2a: Lilligant|Solar Blade||[still]\n|-prepare|p2a: Lilligant|Solar Blade\n|-anim|p2a: Lilligant|Solar Blade|p1b: Ursaluna\n|-activate|p1b: Ursaluna|move: Protect\n|move|p2b: Charizard|Heat Wave|p1b: Ursaluna\n|-activate|p1b: Ursaluna|move: Protect\n|\n|-weather|SunnyDay|[upkeep]\n|-damage|p2b: Charizard|10/100|[from] ability: Solar Power|[of] p2b: Charizard\n|upkeep\n|turn|5\n|\n|t:|1735744167\n|move|p1b: Ursaluna|Protect|p1b: Ursaluna\n|-singleturn|p1b: Ursaluna|Protect\n|move|p2a: Lilligant|Solar Blade||[still]\n|-prepare|p2a: Lilligant|Solar Blade\n|-anim|p2a: Lilligant|Solar Blade|p1b: Ursaluna\n|-activate|p1b: Ursaluna|move: Protect\n|move|p2b: Charizard|Heat Wave|p1b: Ursaluna\n|-activate|p1b: Ursaluna|move: Protect\n|\n|-weather|none\n|upkeep\n|turn|6\n|\n|t:|1735744179\n|-terastallize|p2b: Charizard|Ghost\n|move|p2b: Charizard|Heat Wave|p1b: Ursaluna\n|-damage|p1b: Ursaluna|29/100\n|move|p2a: Lilligant|Close Combat|p1b: Ursaluna\n|-supereffective|p1b: Ursaluna\n|-damage|p1b: Ursaluna|0 fnt\n|-unboost|p2a: Lilligant|def|1\n|-unboost|p2a: Lilligant|spd|1\n|faint|p1b: Ursaluna\n|\n|win|DanLexLD\n|raw|SniffLazer's rating: 1291 &rarr; <strong>1266</strong><br />(-25 for losing)\n|raw|DanLexLD's rating: 1288 &rarr; <strong>1313</strong><br />(+25 for winning)\n|l|\u2606SniffLazer\n|player|p1|\n|l|\u2606DanLexLD\n|player|p2|\n",
  "uploadtime": 1735744459,
  "views": 142,
  "formatid": "gen9vgc2024regh",
  "rating": 1266,
  "private": 0,
  "password": null
}