{
  "id": "gen9vgc2024regh-2273156142",
  "format": "[Gen 9] VGC 2024 Reg H",
  "players": [
    "Lesbshkdk",
    "pocketzpaz"
  ],
  "log": "|j|\u2606Lesbshkdk\n|j|\u2606pocketzpaz\n|t:|1735742018\n|gametype|doubles\n|player|p1|Lesbshkdk|2|1095\n|player|p2|pocketzpaz|hilda-wonderlauncher|1107\n|teamsize|p1|6\n|teamsize|p2|6\n|gen|9\n|tier|[Gen 9] VGC 2024 Reg H\n|rated|\n|rule|Species Clause: Limit one of each Pok\u00e9mon\n|rule|Item Clause: Limit 1 of each item\n|clearpoke\n|poke|p1|Lucario, L50, M|\n|poke|p1|Maushold-Four, L50|\n|poke|p1|Amoonguss, L50, F|\n|poke|p1|Gholdengo, L50|\n|poke|p1|Primarina, L50, M|\n|poke|p1|Incineroar, L50, F|\n|poke|p2|Lilligant-Hisui, L50, F|\n|poke|p2|Yanmega, L50, F|\n|poke|p2|Flapple, L50, F|\n|poke|p2|Ninetales-Alola, L50, F|\n|poke|p2|Sableye, L50, M|\n|poke|p2|Gengar, L50, M|\n|teampreview|4\nLesbshkdk has agreed to open team sheets.\n|inactive|Battle timer is ON: inactive players will automatically lose when time's up. (requested by Lesbshkdk)\n|\n|t:|1735742058\n|start\n|switch|p1a: Divorce|Maushold-Four, L50, shiny|100/100\n|switch|p1b: Judgement Day|Lucario, L50, M, shiny|100/100\n|switch|p2a: BedBuge?|Yanmega, L50, F, shiny|100/100\n|switch|p2b: LilFreaker|Sableye, L50, M|100/100\n|turn|1\n|inactive|Lesbshkdk has 30 seconds left.\n|inactive|pocketzpaz has 30 seconds left.\n|\n|t:|1735742090\n|move|p2a: BedBuge?|Protect|p2a: BedBuge?\n|-singleturn|p2a: BedBuge?|Protect\n|move|p2b: LilFreaker|Fake Out|p1b: Judgement Day\n|-resisted|p1b: Judgement Day\n|-damage|p1b: Judgement Day|97/100\n|move|p1a: Divorce|Beat Up|p1b: Judgement Day\n|-resisted|p1b: Judgement Day\n|-damage|p1b: Judgement Day|96/100\n|-ability|p1b: Judgement Day|Justified|boost\n|-boost|p1b: Judgement Day|atk|1\n|-resisted|p1b: Judgement Day\n|-damage|p1b: Judgement Day|94/100\n|-ability|p1b: Judgement Day|Justified|boost\n|-boost|p1b: Judgement Day|atk|1\n|-resisted|p1b: Judgement Day\n|-damage|p1b: Judgement Day|93/100\n|-ability|p1b: Judgement Day|Justified|boost\n|-boost|p1b: Judgement Day|atk|1\n|-resisted|p1b: Judgement Day\n|-damage|p1b: Judgement Day|91/100\n|-ability|p1b: Judgement Day|Justified|boost\n|-boost|p1b: Judgement Day|atk|1\n|-hitcount|p1b: Judgement Day|4\n|cant|p1b: Judgement Day|flinch\n|\n|-ability|p2a: BedBuge?|Speed Boost|boost\n|-boost|p2a: BedBuge?|spe|1\n|upkeep\n|turn|2\n|inactive|Lesbshkdk has 30 seconds left.\n|inactive|pocketzpaz has 30 seconds left.\n|inactive|Lesbshkdk has 20 seconds left.\n|inactive|pocketzpaz has 20 seconds left.\n|inactive|Lesbshkdk has 15 seconds left.\n|\n|t:|1735742130\n|move|p2b: LilFreaker|Will-O-Wisp|p1b: Judgement Day\n|-status|p1b: Judgement Day|brn\n|move|p2a: BedBuge?|Air Slash|p1b: Judgement Day\n|-damage|p1b: Judgement Day|53/100 brn\n|move|p1a: Divorce|Population Bomb|p2a: BedBuge?\n|-damage|p2a: BedBuge?|94/100\n|-damage|p2a: BedBuge?|88/100\n|-damage|p2a: BedBuge?|81/100\n|-damage|p2a: BedBuge?|75/100\n|-damage|p2a: BedBuge?|68/100\n|-hitcount|p2a: BedBuge?|5\n|move|p1b: Judgement Day|Meteor Mash|p2b: LilFreaker\n|-damage|p2b: LilFreaker|17/100\n|-boost|p1b: Judgement Day|atk|1\n|-enditem|p2b: LilFreaker|Eject Button\n|\n|t:|1735742154\n|switch|p2b: BigFreaker|Gengar, L50, M|100/100\n|\n|-damage|p1b: Judgement Day|48/100 brn|[from] brn\n|-ability|p2a: BedBuge?|Speed Boost|boost\n|-boost|p2a: BedBuge?|spe|1\n|upkeep\n|turn|3\n|\n|t:|1735742178\n|move|p1a: Divorce|Follow Me|p1a: Divorce\n|-singleturn|p1a: Divorce|move: Follow Me\n|move|p2a: BedBuge?|Tailwind|p2a: BedBuge?\n|-sidestart|p2: pocketzpaz|move: Tailwind\n|move|p2b: BigFreaker|Hex|p1a: Divorce\n|-immune|p1a: Divorce\n|move|p1b: Judgement Day|Crunch|p2b: BigFreaker\n|-supereffective|p2b: BigFreaker\n|-damage|p2b: BigFreaker|0 fnt\n|faint|p2b: BigFreaker\n|\n|-damage|p1b: Judgement Day|42/100 brn|[from] brn\n|-ability|p2a: BedBuge?|Speed Boost|boost\n|-boost|p2a: BedBuge?|spe|1\n|upkeep\n|\n|t:|1735742190\n|switch|p2b: LilFreaker|Sableye, L50, M|17/100\n|turn|4\n|\n|t:|1735742203\n|move|p1a: Divorce|Follow Me|p1a: Divorce\n|-singleturn|p1a: Divorce|move: Follow Me\n|move|p2b: LilFreaker|Gravity|p2b: LilFreaker\n|-fieldstart|move: Gravity\n|move|p2a: BedBuge?|Hypnosis|p1a: Divorce\n|-status|p1a: Divorce|slp|[from] move: Hypnosis\n|move|p1b: Judgement Day|Crunch|p2b: LilFreaker\n|-damage|p2b: LilFreaker|0 fnt\n|faint|p2b: LilFreaker\n|\n|-damage|p1b: Judgement Day|36/100 brn|[from] brn\n|-ability|p2a: BedBuge?|Speed Boost|boost\n|-boost|p2a: BedBuge?|spe|1\n|upkeep\n|\n|t:|1735742213\n|switch|p2b: Gamblecore|Flapple, L50, F, shiny|100/100\n|turn|5\n|\n|t:|1735742230\n|cant|p1a: Divorce|slp\n|move|p2a: BedBuge?|Air Slash|p1b: Judgement Day\n|-damage|p1b: Judgement Day|0 fnt\n|faint|p1b: Judgement Day\n|move|p2b: Gamblecore|Grav Apple|p1a: Divorce\n|-damage|p1a: Divorce|0 fnt\n|faint|p1a: Divorce\n|-damage|p2b: Gamblecore|91/100|[from] item: Life Orb\n|\n|-ability|p2a: BedBuge?|Speed Boost|boost\n|-boost|p2a: BedBuge?|spe|1\n|upkeep\n|\n|t:|1735742244\n|switch|p1a: ChaChing|Gholdengo, L50|100/100\n|switch|p1b: Scar|Incineroar, L50, F, shiny|100/100\n|-ability|p1b: Scar|Intimidate|boost\n|-unboost|p2a: BedBuge?|atk|1\n|-unboost|p2b: Gamblecore|atk|1\n|turn|6\n|\n|t:|1735742260\n|-terastallize|p2b: Gamblecore|Dark\n|move|p1b: Scar|Fake Out|p2a: BedBuge?\n|-damage|p2a: BedBuge?|57/100\n|move|p2b: Gamblecore|Sucker Punch|p1a: ChaChing\n|-supereffective|p1a: ChaChing\n|-damage|p1a: ChaChing|0 fnt\n|faint|p1a: ChaChing\n|-damage|p2b: Gamblecore|81/100|[from] item: Life Orb\n|cant|p2a: BedBuge?|flinch\n|\n|-sideend|p2: pocketzpaz|move: Tailwind\n|-ability|p2a: BedBuge?|Speed Boost|boost\n|-boost|p2a: BedBuge?|spe|1\n|upkeep\n|turn|7\n|\n|t:|1735742281\n|move|p2a: BedBuge?|Hypnosis|p1b: Scar\n|-status|p1b: Scar|slp|[from] move: Hypnosis\n|cant|p1b: Scar|slp\n|move|p2b: Gamblecore|Dragon Rush|p1b: Scar\n|-damage|p1b: Scar|45/100 slp\n|-damage|p2b: Gamblecore|65/100|[from] item: Rocky Helmet|[of] p1b: Scar\n|-damage|p2b: Gamblecore|55/100|[from] item: Life Orb\n|\n|upkeep\n|turn|8\n|\n|t:|1735742293\n|move|p2a: BedBuge?|Air Slash|p1b: Scar\n|-damage|p1b: Scar|17/100 slp\n|cant|p1b: Scar|slp\n|move|p2b: Gamblecore|Dragon Rush|p1b: Scar\n|-damage|p1b: Scar|0 fnt\n|-damage|p2b: Gamblecore|39/100|[from] item: Rocky Helmet|[of] p1b: Scar\n|faint|p1b: Scar\n|-damage|p2b: Gamblecore|29/100|[from] item: Life Orb\n|\n|win|pocketzpaz\n|raw|Lesbshkdk's rating: 1095 &rarr; <strong>1072</strong><br />(-23 for losing)\n|raw|pocketzpaz's rating: 1107 &rarr; <strong>1131</strong><br />(+24 for winning)\n|l|\u2606Lesbshkdk\n|player|p1|\n",
  "uploadtime": 1735742307,
  "views": 142,
  "formatid": "gen9vgc2024regh",
  "rating": 1072,
  "private": 0,
  "password": null
}