{
  "id": "gen9vgc2024regh-2273232103",
  "format": "[Gen 9] VGC 2024 Reg H",
  "players": [
    "DANIGOMA12",
    "pocketzpaz"
  ],
  "log": "|j|\u2606DANIGOMA12\n|j|\u2606pocketzpaz\n|t:|1735753538\n|gametype|doubles\n|player|p1|DANIGOMA12|veteran|1143\n|player|p2|pocketzpaz|hilda-wonderlauncher|1096\n|teamsize|p1|6\n|teamsize|p2|6\n|gen|9\n|tier|[Gen 9] VGC 2024 Reg H\n|rated|\n|rule|Species Clause: Limit one of each Pok\u00e9mon\n|rule|Item Clause: Limit 1 of each item\n|clearpoke\n|poke|p1|Sylveon, L50, M|\n|poke|p1|Arcanine-Hisui, L50, F|\n|poke|p1|Kingambit, L50, F|\n|poke|p1|Amoonguss, L50, F|\n|poke|p1|Meowscarada, L50, F|\n|poke|p1|Hatterene, L50, F|\n|poke|p2|Lilligant-Hisui, L50, F|\n|poke|p2|Yanmega, L50, F|\n|poke|p2|Flapple, L50, F|\n|poke|p2|Ninetales-Alola, L50, F|\n|poke|p2|Sableye, L50, F|\n|poke|p2|Gengar, L50, F|\n|teampreview|4\n|\n|t:|1735753578\n|start\n|switch|p1a: Arcanine|Arcanine-Hisui, L50, F|100/100\n|switch|p1b: Meowscarada|Meowscarada, L50, F|100/100\n|switch|p2a: BigFreaker|Gengar, L50, F|100/100\n|switch|p2b: LilFreaker|Sableye, L50, F|100/100\n|-ability|p1a: Arcanine|Intimidate|boost\n|-unboost|p2a: BigFreaker|atk|1\n|-unboost|p2b: LilFreaker|atk|1\n|turn|1\n|\n|t:|1735753609\n|move|p2b: LilFreaker|Fake Out|p1b: Meowscarada\n|-damage|p1b: Meowscarada|93/100\n|cant|p1b: Meowscarada|flinch\n|move|p2a: BigFreaker|Hypnosis|p1a: Arcanine\n|-status|p1a: Arcanine|slp|[from] move: Hypnosis\n|cant|p1a: Arcanine|slp\n|\n|upkeep\n|turn|2\n|\n|t:|1735753626\n|-terastallize|p2a: BigFreaker|Fighting\n|move|p2b: LilFreaker|Gravity|p2b: LilFreaker\n|-fieldstart|move: Gravity\n|move|p1b: Meowscarada|Knock Off|p2a: BigFreaker\n|-start|p1b: Meowscarada|typechange|Dark|[from] ability: Protean\n|-resisted|p2a: BigFreaker\n|-damage|p2a: BigFreaker|58/100\n|-enditem|p2a: BigFreaker|Black Belt|[from] move: Knock Off|[of] p1b: Meowscarada\n|move|p2a: BigFreaker|Focus Blast|p1b: Meowscarada\n|-supereffective|p1b: Meowscarada\n|-damage|p1b: Meowscarada|0 fnt\n|faint|p1b: Meowscarada\n|cant|p1a: Arcanine|slp\n|\n|upkeep\n|\n|t:|1735753644\n|switch|p1b: Kingambit|Kingambit, L50, F|100/100\n|turn|3\n|\n|t:|1735753665\n|switch|p2b: Dollia|Lilligant-Hisui, L50, F|100/100\n|-terastallize|p1b: Kingambit|Dark\n|move|p2a: BigFreaker|Hypnosis|p1b: Kingambit\n|-status|p1b: Kingambit|slp|[from] move: Hypnosis\n|-curestatus|p1a: Arcanine|slp|[msg]\n|move|p1a: Arcanine|Rock Slide|p2b: Dollia|[spread] p2a,p2b\n|-resisted|p2a: BigFreaker\n|-resisted|p2b: Dollia\n|-damage|p2a: BigFreaker|19/100\n|-damage|p2b: Dollia|69/100\n|-start|p1a: Arcanine|Disable|Rock Slide|[from] ability: Cursed Body|[of] p2a: BigFreaker\n|cant|p1b: Kingambit|slp\n|\n|upkeep\n|turn|4\n|\n|t:|1735753695\n|switch|p1a: Hatterene|Hatterene, L50, F|100/100\n|move|p2a: BigFreaker|Focus Blast|p1b: Kingambit\n|-supereffective|p1b: Kingambit\n|-damage|p1b: Kingambit|24/100 slp\n|-unboost|p1b: Kingambit|spd|1\n|-ability|p1b: Kingambit|Defiant|boost\n|-boost|p1b: Kingambit|atk|2\n|move|p2b: Dollia|Low Kick|p1a: Hatterene\n|-resisted|p1a: Hatterene\n|-damage|p1a: Hatterene|97/100\n|-curestatus|p1b: Kingambit|slp|[msg]\n|move|p1b: Kingambit|Kowtow Cleave|p2a: BigFreaker\n|-resisted|p2a: BigFreaker\n|-crit|p2a: BigFreaker\n|-damage|p2a: BigFreaker|0 fnt\n|-start|p1b: Kingambit|Disable|Kowtow Cleave|[from] ability: Cursed Body|[of] p2a: BigFreaker\n|faint|p2a: BigFreaker\n|\n|upkeep\n|\n|t:|1735753716\n|switch|p2a: LeanDog|Ninetales-Alola, L50, F, shiny|100/100\n|-weather|Snow|[from] ability: Snow Warning|[of] p2a: LeanDog\n|turn|5\n|inactive|Battle timer is ON: inactive players will automatically lose when time's up. (requested by DANIGOMA12)\n|inactive|pocketzpaz has 60 seconds left.\n|\n|t:|1735753780\n|move|p2b: Dollia|Protect|p2b: Dollia\n|-singleturn|p2b: Dollia|Protect\n|move|p2a: LeanDog|Blizzard|p1a: Hatterene|[spread] p1a,p1b\n|-damage|p1a: Hatterene|61/100\n|-damage|p1b: Kingambit|0 fnt\n|faint|p1b: Kingambit\n|move|p1a: Hatterene|Mystical Fire|p2b: Dollia\n|-activate|p2b: Dollia|move: Protect\n|\n|-weather|Snow|[upkeep]\n|upkeep\n|\n|t:|1735753791\n|switch|p1b: Arcanine|Arcanine-Hisui, L50, F|100/100\n|-ability|p1b: Arcanine|Intimidate|boost\n|-unboost|p2a: LeanDog|atk|1\n|-unboost|p2b: Dollia|atk|1\n|turn|6\n|inactive|pocketzpaz has 30 seconds left.\n|\n|t:|1735753820\n|move|p2b: Dollia|Low Kick|p1b: Arcanine\n|-supereffective|p1b: Arcanine\n|-damage|p1b: Arcanine|0 fnt\n|faint|p1b: Arcanine\n|move|p2a: LeanDog|Hypnosis|p1a: Hatterene\n|move|p1a: Hatterene|Hypnosis|p2a: LeanDog|[from]ability: Magic Bounce\n|-status|p2a: LeanDog|slp|[from] move: Hypnosis\n|move|p1a: Hatterene|Mystical Fire|p2b: Dollia\n|-supereffective|p2b: Dollia\n|-damage|p2b: Dollia|0 fnt\n|faint|p2b: Dollia\n|-damage|p1a: Hatterene|52/100|[from] item: Life Orb\n|\n|-weather|Snow|[upkeep]\n|-fieldend|move: Gravity\n|upkeep\n|\n|t:|1735753833\n|switch|p2b: LilFreaker|Sableye, L50, F|100/100\n|turn|7\n|\n|t:|1735753854\n|move|p2b: LilFreaker|Fake Out|p1a: Hatterene\n|-damage|p1a: Hatterene|44/100\n|cant|p2a: LeanDog|slp\n|cant|p1a: Hatterene|flinch\n|\n|-weather|Snow|[upkeep]\n|upkeep\n|turn|8\n|\n|t:|1735753862\n|cant|p2a: LeanDog|slp\n|move|p2b: LilFreaker|Knock Off|p1a: Hatterene\n|-damage|p1a: Hatterene|18/100\n|-enditem|p1a: Hatterene|Life Orb|[from] move: Knock Off|[of] p2b: LilFreaker\n|move|p1a: Hatterene|Dazzling Gleam|p2b: LilFreaker|[spread] p2a,p2b\n|-supereffective|p2b: LilFreaker\n|-damage|p2a: LeanDog|60/100 slp\n|-damage|p2b: LilFreaker|20/100\n|\n|-weather|Snow|[upkeep]\n|upkeep\n|turn|9\n|\n|t:|1735753875\n|-curestatus|p2a: LeanDog|slp|[msg]\n|move|p2a: LeanDog|Hex|p1a: Hatterene\n|-supereffective|p1a: Hatterene\n|-damage|p1a: Hatterene|0 fnt\n|faint|p1a: Hatterene\n|\n|win|pocketzpaz\n|raw|DANIGOMA12's rating: 1143 &rarr; <strong>1115</strong><br />(-28 for losing)\n|raw|pocketzpaz's rating: 1096 &rarr; <strong>1125</strong><br />(+29 for winning)\n|c|\u2606pocketzpaz|ggs\n|l|\u2606DANIGOMA12\n|player|p1|\n",
  "uploadtime": 1735753917,
  "views": 344,
  "formatid": "gen9vgc2024regh",
  "rating": 1115,
  "private": 0,
  "password": null
}