{
  "id": "gen9vgc2024regh-2273168403",
  "format": "[Gen 9] VGC 2024 Reg H",
  "players": [
    "Scarry1404",
    "Apple567"
  ],
  "log": "|j|\u2606Scarry1404\n|j|\u2606Apple567\n|t:|1735744092\n|gametype|doubles\n|player|p1|Scarry1404|benga|1348\n|player|p2|Apple567|clair|1455\n|teamsize|p1|6\n|teamsize|p2|6\n|gen|9\n|tier|[Gen 9] VGC 2024 Reg H\n|rated|\n|rule|Species Clause: Limit one of each Pok\u00e9mon\n|rule|Item Clause: Limit 1 of each item\n|clearpoke\n|poke|p1|Typhlosion-Hisui, L50, M|\n|poke|p1|Toedscruel, L50, F|\n|poke|p1|Corviknight, L50, M|\n|poke|p1|Weezing-Galar, L50, M|\n|poke|p1|Garchomp, L50, F|\n|poke|p1|Pawmot, L50, M|\n|poke|p2|Annihilape, L50, F|\n|poke|p2|Maushold, L50|\n|poke|p2|Grimmsnarl, L50, M|\n|poke|p2|Sinistcha, L50|\n|poke|p2|Primarina, L50, F|\n|poke|p2|Ursaluna-Bloodmoon, L50, M|\n|teampreview|4\n|inactive|Battle timer is ON: inactive players will automatically lose when time's up. (requested by Scarry1404)\nScarry1404 has agreed to open team sheets.\n|inactive|Apple567 has 60 seconds left.\n|inactive|Apple567 has 30 seconds left.\n|\n|t:|1735744154\n|start\n|switch|p1a: Weezing|Weezing-Galar, L50, M|100/100\n|switch|p1b: Toedscruel|Toedscruel, L50, F, shiny|100/100\n|switch|p2a: Maushold|Maushold, L50|100/100\n|switch|p2b: Annihilape|Annihilape, L50, F|100/100\n|-ability|p1a: Weezing|Neutralizing Gas\n|turn|1\n|\n|t:|1735744170\n|move|p2a: Maushold|Follow Me|p2a: Maushold\n|-singleturn|p2a: Maushold|move: Follow Me\n|move|p1b: Toedscruel|Spore|p2a: Maushold\n|-activate|p2a: Maushold|item: Safety Goggles|Spore\n|move|p2b: Annihilape|Bulk Up|p2b: Annihilape\n|-boost|p2b: Annihilape|atk|1\n|-boost|p2b: Annihilape|def|1\n|move|p1a: Weezing|Dazzling Gleam|p2a: Maushold|[spread] p2a,p2b\n|-supereffective|p2b: Annihilape\n|-damage|p2a: Maushold|57/100\n|-damage|p2b: Annihilape|46/100\n|\n|-heal|p2b: Annihilape|52/100|[from] item: Leftovers\n|upkeep\n|turn|2\n|\n|t:|1735744186\n|-terastallize|p2b: Annihilape|Fire\n|move|p1b: Toedscruel|Rage Powder|p1b: Toedscruel\n|-singleturn|p1b: Toedscruel|move: Rage Powder\n|move|p2a: Maushold|Follow Me|p2a: Maushold\n|-singleturn|p2a: Maushold|move: Follow Me\n|move|p2b: Annihilape|Drain Punch|p1b: Toedscruel\n|-damage|p1b: Toedscruel|34/100\n|-heal|p2b: Annihilape|80/100|[from] drain|[of] p1b: Toedscruel\n|move|p1a: Weezing|Dazzling Gleam|p2b: Annihilape|[spread] p2a,p2b\n|-resisted|p2b: Annihilape\n|-damage|p2a: Maushold|17/100\n|-damage|p2b: Annihilape|66/100\n|\n|-heal|p2b: Annihilape|72/100|[from] item: Leftovers\n|upkeep\n|turn|3\n|\n|t:|1735744200\n|move|p2a: Maushold|Follow Me|p2a: Maushold\n|-singleturn|p2a: Maushold|move: Follow Me\n|move|p1b: Toedscruel|Spore|p2a: Maushold\n|-activate|p2a: Maushold|item: Safety Goggles|Spore\n|move|p2b: Annihilape|Drain Punch|p1b: Toedscruel\n|-damage|p1b: Toedscruel|0 fnt\n|-heal|p2b: Annihilape|86/100|[from] drain|[of] p1b: Toedscruel\n|faint|p1b: Toedscruel\n|move|p1a: Weezing|Dazzling Gleam|p2b: Annihilape|[spread] p2a,p2b\n|-resisted|p2b: Annihilape\n|-damage|p2a: Maushold|0 fnt\n|-damage|p2b: Annihilape|70/100\n|faint|p2a: Maushold\n|\n|-heal|p2b: Annihilape|76/100|[from] item: Leftovers\n|upkeep\n|\n|t:|1735744214\n|switch|p1b: Pawmot|Pawmot, L50, M|100/100\n|switch|p2a: Sinistcha|Sinistcha, L50|100/100\n|turn|4\n|\n|t:|1735744246\n|-end|p1a: Weezing|ability: Neutralizing Gas\n|-heal|p2b: Annihilape|100/100|[from] ability: Hospitality|[of] p2a: Sinistcha\n|switch|p1a: Typhlosion|Typhlosion-Hisui, L50, M|100/100\n|move|p1b: Pawmot|Fake Out|p2b: Annihilape\n|-damage|p2b: Annihilape|93/100\n|move|p2a: Sinistcha|Rage Powder|p2a: Sinistcha\n|-singleturn|p2a: Sinistcha|move: Rage Powder\n|cant|p2b: Annihilape|flinch\n|\n|-heal|p2b: Annihilape|99/100|[from] item: Leftovers\n|upkeep\n|turn|5\n|\n|t:|1735744266\n|-terastallize|p1b: Pawmot|Electric\n|move|p1a: Typhlosion|Eruption|p2a: Sinistcha|[spread] p2a,p2b\n|-supereffective|p2a: Sinistcha\n|-resisted|p2b: Annihilape\n|-damage|p2a: Sinistcha|0 fnt\n|-damage|p2b: Annihilape|74/100\n|faint|p2a: Sinistcha\n|move|p1b: Pawmot|Double Shock|p2b: Annihilape\n|-damage|p2b: Annihilape|28/100\n|-start|p1b: Pawmot|typechange|Electric|[from] move: Double Shock\n|move|p2b: Annihilape|Rage Fist|p1a: Typhlosion\n|-supereffective|p1a: Typhlosion\n|-damage|p1a: Typhlosion|0 fnt\n|faint|p1a: Typhlosion\n|\n|-heal|p2b: Annihilape|34/100|[from] item: Leftovers\n|upkeep\n|\n|t:|1735744277\n|switch|p1a: Weezing|Weezing-Galar, L50, M|100/100\n|switch|p2a: Ursaluna|Ursaluna-Bloodmoon, L50, M|100/100\n|-ability|p1a: Weezing|Neutralizing Gas\n|turn|6\n|\n|t:|1735744295\n|move|p2b: Annihilape|Protect|p2b: Annihilape\n|-singleturn|p2b: Annihilape|Protect\n|move|p1b: Pawmot|Close Combat|p2a: Ursaluna\n|-supereffective|p2a: Ursaluna\n|-damage|p2a: Ursaluna|16/100\n|-unboost|p1b: Pawmot|def|1\n|-unboost|p1b: Pawmot|spd|1\n|move|p1a: Weezing|Dazzling Gleam|p2b: Annihilape|[spread] p2a\n|-activate|p2b: Annihilape|move: Protect\n|-damage|p2a: Ursaluna|0 fnt\n|faint|p2a: Ursaluna\n|\n|-heal|p2b: Annihilape|41/100|[from] item: Leftovers\n|upkeep\n|turn|7\n|-message|Apple567 forfeited.\n|\n|win|Scarry1404\n|raw|Scarry1404's rating: 1348 &rarr; <strong>1374</strong><br />(+26 for winning)\n|raw|Apple567's rating: 1455 &rarr; <strong>1429</strong><br />(-26 for losing)\n|l|\u2606Apple567\n|player|p2|\n|l|\u2606Scarry1404\n|player|p1|\n",
  "uploadtime": 1735744597,
  "views": 131,
  "formatid": "gen9vgc2024regh",
  "rating": 1374,
  "private": 0,
  "password": null
}