{
  "id": "gen9vgc2024regh-2273149545",
  "format": "[Gen 9] VGC 2024 Reg H",
  "players": [
    "jsoenge",
    "tvini25"
  ],
  "log": "|j|\u2606jsoenge\n|j|\u2606tvini25\n|t:|1735740807\n|gametype|doubles\n|player|p1|jsoenge|266|1359\n|player|p2|tvini25|170|1438\n|teamsize|p1|6\n|teamsize|p2|6\n|gen|9\n|tier|[Gen 9] VGC 2024 Reg H\n|rated|\n|rule|Species Clause: Limit one of each Pok\u00e9mon\n|rule|Item Clause: Limit 1 of each item\n|clearpoke\n|poke|p1|Gholdengo, L50|\n|poke|p1|Basculegion, L50, M|\n|poke|p1|Pelipper, L50, M|\n|poke|p1|Archaludon, L50, F|\n|poke|p1|Sneasler, L50, F|\n|poke|p1|Incineroar, L50, F|\n|poke|p2|Corviknight, L50, F|\n|poke|p2|Incineroar, L50, M|\n|poke|p2|Sinistcha, L50|\n|poke|p2|Annihilape, L50, F|\n|poke|p2|Ninetales-Alola, L50, M|\n|poke|p2|Hydreigon, L50, M|\n|teampreview|4\n|j| Analytics Director\n|\n|t:|1735740833\n|start\n|switch|p1a: Pelipper|Pelipper, L50, M|100/100\n|switch|p1b: Incineroar|Incineroar, L50, F|100/100\n|switch|p2a: Incineroar|Incineroar, L50, M|100/100\n|switch|p2b: Annihilape|Annihilape, L50, F|100/100\n|-weather|RainDance|[from] ability: Drizzle|[of] p1a: Pelipper\n|-ability|p2a: Incineroar|Intimidate|boost\n|-unboost|p1a: Pelipper|atk|1\n|-unboost|p1b: Incineroar|atk|1\n|-ability|p1b: Incineroar|Intimidate|boost\n|-unboost|p2a: Incineroar|atk|1\n|-unboost|p2b: Annihilape|atk|1\n|-ability|p2b: Annihilape|Defiant|boost\n|-boost|p2b: Annihilape|atk|2\n|turn|1\n|inactive|Battle timer is ON: inactive players will automatically lose when time's up. (requested by tvini25)\n|\n|t:|1735740853\n|move|p1a: Pelipper|Protect|p1a: Pelipper\n|-singleturn|p1a: Pelipper|Protect\n|move|p2a: Incineroar|Fake Out|p1a: Pelipper\n|-activate|p1a: Pelipper|move: Protect\n|move|p2b: Annihilape|Bulk Up|p2b: Annihilape\n|-boost|p2b: Annihilape|atk|1\n|-boost|p2b: Annihilape|def|1\n|move|p1b: Incineroar|Knock Off|p2b: Annihilape\n|-damage|p2b: Annihilape|81/100\n|-enditem|p2b: Annihilape|Leftovers|[from] move: Knock Off|[of] p1b: Incineroar\n|\n|-weather|RainDance|[upkeep]\n|upkeep\n|turn|2\n|inactive|tvini25 has 30 seconds left.\n|\n|t:|1735740879\n|switch|p2a: Ninetales|Ninetales-Alola, L50, M|100/100\n|-weather|Snow|[from] ability: Snow Warning|[of] p2a: Ninetales\n|move|p2b: Annihilape|Rage Fist|p1a: Pelipper\n|-damage|p1a: Pelipper|30/100\n|move|p1a: Pelipper|Hurricane|p2b: Annihilape\n|-supereffective|p2b: Annihilape\n|-damage|p2b: Annihilape|9/100\n|-start|p2b: Annihilape|confusion\n|-heal|p1a: Pelipper|41/100|[from] item: Shell Bell|[of] p2b: Annihilape\n|move|p1b: Incineroar|Parting Shot|p2b: Annihilape\n|-unboost|p2b: Annihilape|atk|1\n|-ability|p2b: Annihilape|Defiant|boost\n|-boost|p2b: Annihilape|atk|2\n|-unboost|p2b: Annihilape|spa|1\n|-ability|p2b: Annihilape|Defiant|boost\n|-boost|p2b: Annihilape|atk|2\n|\n|t:|1735740893\n|switch|p1b: Sneasler|Sneasler, L50, F|100/100|[from] Parting Shot\n|\n|-weather|Snow|[upkeep]\n|upkeep\n|turn|3\n|\n|t:|1735740907\n|switch|p2a: Incineroar|Incineroar, L50, M|100/100\n|-ability|p2a: Incineroar|Intimidate|boost\n|-unboost|p1a: Pelipper|atk|1\n|-unboost|p1b: Sneasler|atk|1\n|-activate|p2b: Annihilape|confusion\n|-damage|p2b: Annihilape|0 fnt|[from] confusion\n|faint|p2b: Annihilape\n|move|p1a: Pelipper|Protect|p1a: Pelipper\n|-singleturn|p1a: Pelipper|Protect\n|move|p1b: Sneasler|Dire Claw|p2a: Incineroar\n|-damage|p2a: Incineroar|72/100\n|\n|-weather|Snow|[upkeep]\n|upkeep\n|\n|t:|1735740929\n|switch|p2b: Hydreigon|Hydreigon, L50, M|100/100\n|turn|4\n|\n|t:|1735740948\n|switch|p1a: Incineroar|Incineroar, L50, F|100/100\n|-ability|p1a: Incineroar|Intimidate|boost\n|-unboost|p2a: Incineroar|atk|1\n|-unboost|p2b: Hydreigon|atk|1\n|move|p2a: Incineroar|Fake Out|p1b: Sneasler\n|-damage|p1b: Sneasler|85/100\n|cant|p1b: Sneasler|flinch\n|move|p2b: Hydreigon|Snarl|p1b: Sneasler|[spread] p1a,p1b\n|-resisted|p1a: Incineroar\n|-resisted|p1b: Sneasler\n|-damage|p1a: Incineroar|92/100\n|-damage|p1b: Sneasler|72/100\n|-unboost|p1a: Incineroar|spa|1\n|-unboost|p1b: Sneasler|spa|1\n|\n|-weather|Snow|[upkeep]\n|upkeep\n|turn|5\n|inactive|jsoenge has 30 seconds left.\n|inactive|jsoenge has 20 seconds left.\n|\n|t:|1735740984\n|move|p1a: Incineroar|Fake Out|p2b: Hydreigon\n|-damage|p2b: Hydreigon|87/100\n|move|p1b: Sneasler|Coaching|p1a: Incineroar\n|-boost|p1a: Incineroar|atk|1\n|-boost|p1a: Incineroar|def|1\n|cant|p2b: Hydreigon|flinch\n|move|p2a: Incineroar|Flare Blitz|p1b: Sneasler\n|-damage|p1b: Sneasler|6/100\n|-status|p1b: Sneasler|brn\n|-damage|p2a: Incineroar|55/100|[from] Recoil\n|\n|-weather|Snow|[upkeep]\n|-damage|p1b: Sneasler|0 fnt|[from] brn\n|faint|p1b: Sneasler\n|upkeep\n|inactive|jsoenge has 30 seconds left.\n|\n|t:|1735741009\n|switch|p1b: Gholdengo|Gholdengo, L50|100/100\n|turn|6\n|\n|t:|1735741031\n|move|p1b: Gholdengo|Protect|p1b: Gholdengo\n|-singleturn|p1b: Gholdengo|Protect\n|move|p2b: Hydreigon|Earth Power|p1a: Incineroar\n|-supereffective|p1a: Incineroar\n|-crit|p1a: Incineroar\n|-damage|p1a: Incineroar|16/100\n|-enditem|p1a: Incineroar|Aguav Berry|[eat]\n|-heal|p1a: Incineroar|49/100|[from] item: Aguav Berry\n|move|p2a: Incineroar|Knock Off|p1b: Gholdengo\n|-activate|p1b: Gholdengo|move: Protect\n|move|p1a: Incineroar|Knock Off|p2b: Hydreigon\n|-resisted|p2b: Hydreigon\n|-damage|p2b: Hydreigon|48/100\n|-enditem|p2b: Hydreigon|Assault Vest|[from] move: Knock Off|[of] p1a: Incineroar\n|\n|-weather|none\n|upkeep\n|turn|7\n|j| stewpeed\n|inactive|tvini25 has 30 seconds left.\n|\n|t:|1735741058\n|switch|p1a: Pelipper|Pelipper, L50, M|41/100\n|-weather|RainDance|[from] ability: Drizzle|[of] p1a: Pelipper\n|-terastallize|p1b: Gholdengo|Steel\n|move|p2b: Hydreigon|Earth Power|p1a: Pelipper\n|-immune|p1a: Pelipper\n|move|p1b: Gholdengo|Make It Rain|p2b: Hydreigon|[spread] p2a,p2b\n|-resisted|p2a: Incineroar\n|-damage|p2a: Incineroar|23/100\n|-damage|p2b: Hydreigon|0 fnt\n|-unboost|p1b: Gholdengo|spa|1\n|-enditem|p2a: Incineroar|Sitrus Berry|[eat]\n|-heal|p2a: Incineroar|48/100|[from] item: Sitrus Berry\n|faint|p2b: Hydreigon\n|-damage|p1b: Gholdengo|91/100|[from] item: Life Orb\n|move|p2a: Incineroar|Knock Off|p1b: Gholdengo\n|-damage|p1b: Gholdengo|59/100\n|-enditem|p1b: Gholdengo|Life Orb|[from] move: Knock Off|[of] p2a: Incineroar\n|\n|-weather|RainDance|[upkeep]\n|upkeep\n|\n|t:|1735741078\n|switch|p2b: Ninetales|Ninetales-Alola, L50, M|100/100\n|-weather|Snow|[from] ability: Snow Warning|[of] p2b: Ninetales\n|turn|8\n|inactive|tvini25 has 30 seconds left.\n|inactive|tvini25 has 20 seconds left.\n|inactive|tvini25 has 15 seconds left.\n|\n|t:|1735741118\n|switch|p1a: Incineroar|Incineroar, L50, F|49/100\n|-ability|p1a: Incineroar|Intimidate|boost\n|-unboost|p2a: Incineroar|atk|1\n|-unboost|p2b: Ninetales|atk|1\n|-terastallize|p2b: Ninetales|Water\n|move|p2b: Ninetales|Tera Blast|p1a: Incineroar|[anim] Tera Blast Water\n|-supereffective|p1a: Incineroar\n|-damage|p1a: Incineroar|0 fnt\n|faint|p1a: Incineroar\n|-damage|p2b: Ninetales|91/100|[from] item: Life Orb\n|move|p1b: Gholdengo|Make It Rain|p2b: Ninetales|[spread] p2a,p2b\n|-resisted|p2a: Incineroar\n|-resisted|p2b: Ninetales\n|-damage|p2a: Incineroar|31/100\n|-damage|p2b: Ninetales|70/100\n|-unboost|p1b: Gholdengo|spa|1\n|move|p2a: Incineroar|Flare Blitz|p1b: Gholdengo\n|-supereffective|p1b: Gholdengo\n|-damage|p1b: Gholdengo|0 fnt\n|faint|p1b: Gholdengo\n|-damage|p2a: Incineroar|13/100|[from] Recoil\n|\n|-weather|Snow|[upkeep]\n|upkeep\n|\n|t:|1735741138\n|switch|p1b: Pelipper|Pelipper, L50, M|41/100\n|-weather|RainDance|[from] ability: Drizzle|[of] p1b: Pelipper\n|turn|9\n|\n|t:|1735741146\n|move|p2b: Ninetales|Moonblast|p1b: Pelipper\n|-damage|p1b: Pelipper|0 fnt\n|faint|p1b: Pelipper\n|-damage|p2b: Ninetales|60/100|[from] item: Life Orb\n|\n|win|tvini25\n|raw|jsoenge's rating: 1359 &rarr; <strong>1343</strong><br />(-16 for losing)\n|raw|tvini25's rating: 1438 &rarr; <strong>1454</strong><br />(+16 for winning)\n|l|\u2606jsoenge\n|player|p1|\n|l|\u2606tvini25\n|player|p2|\n|l| stewpeed\n",
  "uploadtime": 1735741552,
  "views": 12,
  "formatid": "gen9vgc2024regh",
  "rating": 1343,
  "private": 0,
  "password": null
}