{
  "id": "gen9vgc2024regh-2273133405",
  "format": "[Gen 9] VGC 2024 Reg H",
  "players": [
    "Titosuave81",
    "BenzHopes"
  ],
  "log": "|j|\u2606Titosuave81\n|j|\u2606BenzHopes\n|t:|1735737656\n|gametype|doubles\n|player|p1|Titosuave81|2|1352\n|player|p2|BenzHopes|101|1342\n|teamsize|p1|6\n|teamsize|p2|6\n|gen|9\n|tier|[Gen 9] VGC 2024 Reg H\n|rated|\n|rule|Species Clause: Limit one of each Pok\u00e9mon\n|rule|Item Clause: Limit 1 of each item\n|clearpoke\n|poke|p1|Weezing-Galar, L50, F|\n|poke|p1|Toedscruel, L50, F|\n|poke|p1|Pawmot, L50, M|\n|poke|p1|Corviknight, L50, M|\n|poke|p1|Garchomp, L50, F|\n|poke|p1|Typhlosion-Hisui, L50, M|\n|poke|p2|Palafin, L50, F|\n|poke|p2|Incineroar, L50, F|\n|poke|p2|Pelipper, L50, M|\n|poke|p2|Archaludon, L50, F|\n|poke|p2|Porygon2, L50|\n|poke|p2|Ursaluna, L50, F|\n|teampreview|4\n|inactive|Battle timer is ON: inactive players will automatically lose when time's up. (requested by BenzHopes)\n|inactive|Titosuave81 has 60 seconds left.\n|\n|t:|1735737700\n|start\n|switch|p1a: Weezing|Weezing-Galar, L50, F|100/100\n|switch|p1b: Toedscruel|Toedscruel, L50, F, shiny|100/100\n|switch|p2a: Palafin|Palafin, L50, F|100/100\n|switch|p2b: Porygon2|Porygon2, L50|100/100\n|-ability|p1a: Weezing|Neutralizing Gas\n|turn|1\n|\n|t:|1735737718\n|detailschange|p2a: Palafin|Palafin-Hero, L50, F\n|switch|p2a: Pelipper|Pelipper, L50, M|100/100\n|move|p1b: Toedscruel|Spore|p2b: Porygon2\n|-status|p2b: Porygon2|slp|[from] move: Spore\n|move|p1a: Weezing|Dazzling Gleam|p2b: Porygon2|[spread] p2a,p2b\n|-damage|p2a: Pelipper|37/100\n|-damage|p2b: Porygon2|79/100 slp\n|cant|p2b: Porygon2|slp\n|\n|upkeep\n|turn|2\n|\n|t:|1735737733\n|move|p2a: Pelipper|Wide Guard|p2a: Pelipper\n|-singleturn|p2a: Pelipper|Wide Guard\n|move|p1b: Toedscruel|Spore|p2a: Pelipper\n|-status|p2a: Pelipper|slp|[from] move: Spore\n|move|p1a: Weezing|Dazzling Gleam|p2b: Porygon2|[spread] \n|-activate|p2a: Pelipper|move: Wide Guard\n|-activate|p2b: Porygon2|move: Wide Guard\n|cant|p2b: Porygon2|slp\n|\n|upkeep\n|turn|3\n|\n|t:|1735737748\n|switch|p2a: Ursaluna|Ursaluna, L50, F|100/100\n|move|p1b: Toedscruel|Acid Spray|p2b: Porygon2\n|-damage|p2b: Porygon2|74/100 slp\n|-unboost|p2b: Porygon2|spd|2\n|move|p1a: Weezing|Dazzling Gleam|p2b: Porygon2|[spread] p2a,p2b\n|-damage|p2a: Ursaluna|69/100\n|-damage|p2b: Porygon2|34/100 slp\n|cant|p2b: Porygon2|slp\n|\n|-status|p2a: Ursaluna|brn|[from] item: Flame Orb\n|upkeep\n|turn|4\n|inactive|BenzHopes has 30 seconds left.\n|\n|t:|1735737773\n|move|p2a: Ursaluna|Protect|p2a: Ursaluna\n|-singleturn|p2a: Ursaluna|Protect\n|move|p1b: Toedscruel|Spore|p2a: Ursaluna\n|-activate|p2a: Ursaluna|move: Protect\n|move|p1a: Weezing|Dazzling Gleam|p2a: Ursaluna|[spread] p2b\n|-activate|p2a: Ursaluna|move: Protect\n|-damage|p2b: Porygon2|0 fnt\n|faint|p2b: Porygon2\n|\n|-damage|p2a: Ursaluna|63/100 brn|[from] brn\n|upkeep\n|\n|t:|1735737782\n|switch|p2b: Palafin|Palafin-Hero, L50, F|100/100\n|-activate|p2b: Palafin|ability: Zero to Hero\n|turn|5\n|\n|t:|1735737789\n|switch|p2b: Pelipper|Pelipper, L50, M|37/100 slp\n|move|p1b: Toedscruel|Spore||[still]\n|-fail|p1b: Toedscruel\n|move|p1a: Weezing|Dazzling Gleam|p2a: Ursaluna|[spread] p2a,p2b\n|-damage|p2a: Ursaluna|31/100 brn\n|-damage|p2b: Pelipper|0 fnt\n|faint|p2b: Pelipper\n|move|p2a: Ursaluna|Facade|p1b: Toedscruel\n|-damage|p1b: Toedscruel|0 fnt\n|faint|p1b: Toedscruel\n|\n|-damage|p2a: Ursaluna|25/100 brn|[from] brn\n|upkeep\n|\n|t:|1735737801\n|switch|p1b: Pawmot|Pawmot, L50, M|100/100\n|switch|p2b: Palafin|Palafin-Hero, L50, F|100/100\n|turn|6\n|j| shihouijg6\n|\n|t:|1735737820\n|-terastallize|p2b: Palafin|Water\n|move|p1b: Pawmot|Fake Out|p2a: Ursaluna\n|-damage|p2a: Ursaluna|16/100 brn\n|move|p2b: Palafin|Wave Crash|p1a: Weezing\n|-damage|p1a: Weezing|0 fnt\n|faint|p1a: Weezing\n|-end|p1a: Weezing|ability: Neutralizing Gas\n|-damage|p2b: Palafin|72/100|[from] Recoil\n|cant|p2a: Ursaluna|flinch\n|\n|-damage|p2a: Ursaluna|10/100 brn|[from] brn\n|upkeep\n|\n|t:|1735737831\n|switch|p1a: Corviknight|Corviknight, L50, M|100/100\n|turn|7\n|\n|t:|1735737852\n|-terastallize|p1b: Pawmot|Electric\n|move|p2a: Ursaluna|Protect|p2a: Ursaluna\n|-singleturn|p2a: Ursaluna|Protect\n|move|p1b: Pawmot|Double Shock|p2b: Palafin\n|-supereffective|p2b: Palafin\n|-damage|p2b: Palafin|0 fnt\n|-start|p1b: Pawmot|typechange|Electric|[from] move: Double Shock\n|faint|p2b: Palafin\n|move|p1a: Corviknight|Brave Bird|p2a: Ursaluna\n|-activate|p2a: Ursaluna|move: Protect\n|\n|-damage|p2a: Ursaluna|4/100 brn|[from] brn\n|upkeep\n|turn|8\n|-message|BenzHopes forfeited.\n|\n|win|Titosuave81\n|raw|Titosuave81's rating: 1352 &rarr; <strong>1371</strong><br />(+19 for winning)\n|raw|BenzHopes's rating: 1342 &rarr; <strong>1323</strong><br />(-19 for losing)\n|l|\u2606BenzHopes\n|player|p2|\n|l|\u2606Titosuave81\n|player|p1|\n|l| shihouijg6\n",
  "uploadtime": 1735738228,
  "views": 12,
  "formatid": "gen9vgc2024regh",
  "rating": 1323,
  "private": 0,
  "password": null
}