{
  "id": "gen9vgc2024regh-2273152478",
  "format": "[Gen 9] VGC 2024 Reg H",
  "players": [
    "Jrzcvgc",
    "Joi1234"
  ],
  "log": "|j|\u2606Jrzcvgc\n|j|\u2606Joi1234\n|t:|1735741347\n|gametype|doubles\n|player|p1|Jrzcvgc|102|1477\n|player|p2|Joi1234|lucas|1502\n|teamsize|p1|6\n|teamsize|p2|6\n|gen|9\n|tier|[Gen 9] VGC 2024 Reg H\n|rated|\n|rule|Species Clause: Limit one of each Pok\u00e9mon\n|rule|Item Clause: Limit 1 of each item\n|clearpoke\n|poke|p1|Bruxish, L50, M|\n|poke|p1|Torkoal, L50, M|\n|poke|p1|Azumarill, L50, M|\n|poke|p1|Maushold-Four, L50|\n|poke|p1|Archaludon, L50, F|\n|poke|p1|Magmar, L50, F|\n|poke|p2|Dragonite, L50, M|\n|poke|p2|Ursaluna, L50, M|\n|poke|p2|Sinistcha, L50|\n|poke|p2|Incineroar, L50, M|\n|poke|p2|Pelipper, L50, F|\n|poke|p2|Archaludon, L50, F|\n|teampreview|4\n|inactive|Battle timer is ON: inactive players will automatically lose when time's up. (requested by Jrzcvgc)\n|j| trie3t\n|inactive|Joi1234 has 60 seconds left.\n|\n|t:|1735741402\n|start\n|switch|p1a: Azumarill|Azumarill, L50, M|100/100\n|switch|p1b: Maushold|Maushold-Four, L50|100/100\n|switch|p2a: Dragonite|Dragonite, L50, M|100/100\n|switch|p2b: Archaludon|Archaludon, L50, F|100/100\n|turn|1\n|\n|t:|1735741418\n|move|p1b: Maushold|Follow Me|p1b: Maushold\n|-singleturn|p1b: Maushold|move: Follow Me\n|move|p2b: Archaludon|Flash Cannon|p1b: Maushold\n|-damage|p1b: Maushold|38/100\n|move|p2a: Dragonite|Scale Shot|p1b: Maushold|[miss]\n|-miss|p2a: Dragonite|p1b: Maushold\n|move|p1a: Azumarill|Belly Drum|p1a: Azumarill\n|-damage|p1a: Azumarill|50/100\n|-setboost|p1a: Azumarill|atk|6|[from] move: Belly Drum\n|-enditem|p1a: Azumarill|Sitrus Berry|[eat]\n|-heal|p1a: Azumarill|75/100|[from] item: Sitrus Berry\n|\n|upkeep\n|turn|2\n|j| stewpeed\n|inactive|Joi1234 has 30 seconds left.\n|inactive|Joi1234 has 20 seconds left.\n|inactive|Joi1234 has 15 seconds left.\n|\n|t:|1735741460\n|switch|p2b: Sinistcha|Sinistcha, L50|100/100\n|move|p1b: Maushold|Follow Me|p1b: Maushold\n|-singleturn|p1b: Maushold|move: Follow Me\n|move|p2a: Dragonite|Scale Shot|p1b: Maushold|[miss]\n|-miss|p2a: Dragonite|p1b: Maushold\n|move|p1a: Azumarill|Play Rough|p2b: Sinistcha\n|-damage|p2b: Sinistcha|0 fnt\n|faint|p2b: Sinistcha\n|\n|upkeep\n|\n|t:|1735741472\n|switch|p2b: Pelipper|Pelipper, L50, F|100/100\n|-weather|RainDance|[from] ability: Drizzle|[of] p2b: Pelipper\n|turn|3\n|\n|t:|1735741484\n|move|p1b: Maushold|Follow Me|p1b: Maushold\n|-singleturn|p1b: Maushold|move: Follow Me\n|move|p2a: Dragonite|Tailwind|p2a: Dragonite\n|-sidestart|p2: Joi1234|move: Tailwind\n|move|p2b: Pelipper|Muddy Water|p1a: Azumarill|[spread] p1b\n|-miss|p2b: Pelipper|p1a: Azumarill\n|-damage|p1b: Maushold|0 fnt\n|faint|p1b: Maushold\n|move|p1a: Azumarill|Play Rough|p2a: Dragonite\n|-supereffective|p2a: Dragonite\n|-damage|p2a: Dragonite|0 fnt\n|faint|p2a: Dragonite\n|\n|-weather|RainDance|[upkeep]\n|upkeep\n|\n|t:|1735741498\n|switch|p1b: Archaludon|Archaludon, L50, F|100/100\n|switch|p2a: Archaludon|Archaludon, L50, F|100/100\n|turn|4\n|\n|t:|1735741516\n|move|p2b: Pelipper|Protect|p2b: Pelipper\n|-singleturn|p2b: Pelipper|Protect\n|move|p2a: Archaludon|Electro Shot||[still]\n|-prepare|p2a: Archaludon|Electro Shot\n|-boost|p2a: Archaludon|spa|1\n|-anim|p2a: Archaludon|Electro Shot|p1a: Azumarill\n|-supereffective|p1a: Azumarill\n|-damage|p1a: Azumarill|0 fnt\n|faint|p1a: Azumarill\n|move|p1b: Archaludon|Electro Shot||[still]\n|-prepare|p1b: Archaludon|Electro Shot\n|-boost|p1b: Archaludon|spa|1\n|-anim|p1b: Archaludon|Electro Shot|p2b: Pelipper\n|-activate|p2b: Pelipper|move: Protect\n|\n|-weather|RainDance|[upkeep]\n|upkeep\n|\n|t:|1735741523\n|switch|p1a: Bruxish|Bruxish, L50, M|100/100\n|turn|5\n|\n|t:|1735741542\n|move|p2a: Archaludon|Body Press|p1b: Archaludon\n|-supereffective|p1b: Archaludon\n|-damage|p1b: Archaludon|68/100\n|move|p2b: Pelipper|Hurricane|p1a: Bruxish\n|-damage|p1a: Bruxish|47/100\n|move|p1b: Archaludon|Electro Shot||[still]\n|-prepare|p1b: Archaludon|Electro Shot\n|-boost|p1b: Archaludon|spa|1\n|-anim|p1b: Archaludon|Electro Shot|p2b: Pelipper\n|-supereffective|p2b: Pelipper\n|-enditem|p2b: Pelipper|Focus Sash\n|-damage|p2b: Pelipper|1/100\n|move|p1a: Bruxish|Trick Room|p1a: Bruxish\n|-fieldstart|move: Trick Room|[of] p1a: Bruxish\n|\n|-weather|RainDance|[upkeep]\n|upkeep\n|turn|6\n|\n|t:|1735741565\n|move|p2b: Pelipper|Protect|p2b: Pelipper\n|-singleturn|p2b: Pelipper|Protect\n|move|p1a: Bruxish|Aqua Jet|p2b: Pelipper\n|-activate|p2b: Pelipper|move: Protect\n|move|p1b: Archaludon|Draco Meteor|p2a: Archaludon\n|-damage|p2a: Archaludon|0 fnt\n|-unboost|p1b: Archaludon|spa|2\n|faint|p2a: Archaludon\n|\n|-weather|RainDance|[upkeep]\n|-sideend|p2: Joi1234|move: Tailwind\n|upkeep\n|turn|7\n|-message|Joi1234 forfeited.\n|\n|win|Jrzcvgc\n|raw|Jrzcvgc's rating: 1477 &rarr; <strong>1498</strong><br />(+21 for winning)\n|raw|Joi1234's rating: 1502 &rarr; <strong>1481</strong><br />(-21 for losing)\n|l|\u2606Joi1234\n|player|p2|\n|l| trie3t\n|l|\u2606Jrzcvgc\n|player|p1|\n|l| stewpeed\n",
  "uploadtime": 1735741967,
  "views": 122,
  "formatid": "gen9vgc2024regh",
  "rating": 1481,
  "private": 0,
  "password": null
}