{
  "id": "gen9vgc2024regh-2273160570",
  "format": "[Gen 9] VGC 2024 Reg H",
  "players": [
    "jar55",
    "ryuu13g"
  ],
  "log": "|j|\u2606jar55\n|j|\u2606ryuu13g\n|t:|1735742786\n|gametype|doubles\n|player|p1|jar55|102|1340\n|player|p2|ryuu13g|riley|1305\n|teamsize|p1|6\n|teamsize|p2|6\n|gen|9\n|tier|[Gen 9] VGC 2024 Reg H\n|rated|\n|rule|Species Clause: Limit one of each Pok\u00e9mon\n|rule|Item Clause: Limit 1 of each item\n|clearpoke\n|poke|p1|Altaria, L50, F|\n|poke|p1|Gengar, L50, F|\n|poke|p1|Rotom-Wash, L50|\n|poke|p1|Incineroar, L50, F|\n|poke|p1|Sylveon, L50, F|\n|poke|p1|Gallade, L50, M|\n|poke|p2|Tyranitar, L50, M|\n|poke|p2|Excadrill, L50, M|\n|poke|p2|Gholdengo, L50|\n|poke|p2|Sneasler, L50, M|\n|poke|p2|Talonflame, L50, M|\n|poke|p2|Rillaboom, L50, M|\n|teampreview|4\n|c|\u2606ryuu13g|glhf\n|\n|t:|1735742827\n|start\n|switch|p1a: Rotom|Rotom-Wash, L50|100/100\n|switch|p1b: Incineroar|Incineroar, L50, F|100/100\n|switch|p2a: rizzler|Sneasler, L50, M|100/100\n|switch|p2b: security|Talonflame, L50, M|100/100\n|-ability|p1b: Incineroar|Intimidate|boost\n|-unboost|p2a: rizzler|atk|1\n|-unboost|p2b: security|atk|1\n|-enditem|p2a: rizzler|White Herb\n|-clearnegativeboost|p2a: rizzler|[silent]\n|turn|1\n|\n|t:|1735742846\n|move|p2a: rizzler|Protect|p2a: rizzler\n|-singleturn|p2a: rizzler|Protect\n|move|p1b: Incineroar|Fake Out|p2a: rizzler\n|-activate|p2a: rizzler|move: Protect\n|move|p2b: security|Tailwind|p2b: security\n|-sidestart|p2: ryuu13g|move: Tailwind\n|move|p1a: Rotom|Hydro Pump|p2b: security|[miss]\n|-miss|p1a: Rotom|p2b: security\n|\n|upkeep\n|turn|2\n|\n|t:|1735742875\n|-terastallize|p1b: Incineroar|Ghost\n|move|p2b: security|Brave Bird|p1b: Incineroar\n|-damage|p1b: Incineroar|73/100\n|-damage|p2b: security|89/100|[from] Recoil\n|move|p2a: rizzler|Close Combat|p1b: Incineroar\n|-immune|p1b: Incineroar\n|move|p1a: Rotom|Hydro Pump|p2b: security\n|-supereffective|p2b: security\n|-damage|p2b: security|0 fnt\n|faint|p2b: security\n|move|p1b: Incineroar|Flare Blitz|p2a: rizzler\n|-damage|p2a: rizzler|7/100\n|-damage|p1b: Incineroar|47/100|[from] Recoil\n|\n|upkeep\n|\n|t:|1735742894\n|switch|p2b: chunky boi|Tyranitar, L50, M|100/100\n|-weather|Sandstorm|[from] ability: Sand Stream|[of] p2b: chunky boi\n|turn|3\n|\n|t:|1735742912\n|switch|p1b: Altaria|Altaria, L50, F|100/100\n|-ability|p1b: Altaria|Cloud Nine\n|move|p2a: rizzler|Throat Chop|p1b: Altaria\n|-damage|p1b: Altaria|74/100\n|-start|p1b: Altaria|Throat Chop|[silent]\n|move|p2b: chunky boi|Knock Off|p1a: Rotom\n|-damage|p1a: Rotom|44/100\n|-enditem|p1a: Rotom|Sitrus Berry|[from] move: Knock Off|[of] p2b: chunky boi\n|move|p1a: Rotom|Volt Switch|p2a: rizzler\n|-damage|p2a: rizzler|0 fnt\n|faint|p2a: rizzler\n|\n|t:|1735742926\n|switch|p1a: Incineroar|Incineroar, L50, F, tera:Ghost|47/100|[from] Volt Switch\n|-ability|p1a: Incineroar|Intimidate|boost\n|-unboost|p2b: chunky boi|atk|1\n|\n|-weather|Sandstorm|[upkeep]\n|upkeep\n|\n|t:|1735742929\n|switch|p2a: mole|Excadrill, L50, M|100/100\n|turn|4\n|\n|t:|1735742975\n|move|p2a: mole|Protect|p2a: mole\n|-singleturn|p2a: mole|Protect\n|move|p1a: Incineroar|Fake Out|p2b: chunky boi\n|-resisted|p2b: chunky boi\n|-damage|p2b: chunky boi|95/100\n|cant|p2b: chunky boi|flinch\n|move|p1b: Altaria|Tailwind|p1b: Altaria\n|-sidestart|p1: jar55|move: Tailwind\n|\n|-weather|Sandstorm|[upkeep]\n|-end|p1b: Altaria|Throat Chop|[silent]\n|-sideend|p2: ryuu13g|move: Tailwind\n|upkeep\n|turn|5\n|\n|t:|1735743000\n|-terastallize|p2a: mole|Ground\n|move|p1b: Altaria|Perish Song|p1b: Altaria\n|-start|p1a: Incineroar|perish3|[silent]\n|-start|p1b: Altaria|perish3|[silent]\n|-start|p2a: mole|perish3|[silent]\n|-start|p2b: chunky boi|perish3|[silent]\n|-fieldactivate|move: Perish Song\n|move|p1a: Incineroar|Parting Shot|p2a: mole\n|-unboost|p2a: mole|atk|1\n|-unboost|p2a: mole|spa|1\n|\n|t:|1735743007\n|switch|p1a: Rotom|Rotom-Wash, L50|44/100|[from] Parting Shot\n|move|p2a: mole|High Horsepower|p1a: Rotom\n|-immune|p1a: Rotom|[from] ability: Levitate\n|move|p2b: chunky boi|Rock Slide|p1a: Rotom|[spread] p1a,p1b\n|-supereffective|p1b: Altaria\n|-damage|p1a: Rotom|25/100\n|-damage|p1b: Altaria|31/100\n|\n|-weather|Sandstorm|[upkeep]\n|-start|p1b: Altaria|perish3\n|-start|p2a: mole|perish3\n|-start|p2b: chunky boi|perish3\n|upkeep\n|turn|6\n|-message|ryuu13g forfeited.\n|\n|win|jar55\n|raw|jar55's rating: 1340 &rarr; <strong>1358</strong><br />(+18 for winning)\n|raw|ryuu13g's rating: 1305 &rarr; <strong>1287</strong><br />(-18 for losing)\n|l|\u2606ryuu13g\n|player|p2|\n|l|\u2606jar55\n|player|p1|\n",
  "uploadtime": 1735743351,
  "views": 131,
  "formatid": "gen9vgc2024regh",
  "rating": 1287,
  "private": 0,
  "password": null
}