{
  "id": "gen9vgc2024regh-2273154149",
  "format": "[Gen 9] VGC 2024 Reg H",
  "players": [
    "aremine",
    "sean_Choi123"
  ],
  "log": "|j|\u2606aremine\n|j|\u2606sean_Choi123\n|t:|1735741655\n|gametype|doubles\n|player|p1|aremine|265|1305\n|player|p2|sean_Choi123|lucas|1478\n|teamsize|p1|6\n|teamsize|p2|6\n|gen|9\n|tier|[Gen 9] VGC 2024 Reg H\n|rated|\n|rule|Species Clause: Limit one of each Pok\u00e9mon\n|rule|Item Clause: Limit 1 of each item\n|clearpoke\n|poke|p1|Ditto, L50|\n|poke|p1|Farigiraf, L50, M|\n|poke|p1|Incineroar, L50, F|\n|poke|p1|Slaking, L50, M|\n|poke|p1|Weezing, L50, F|\n|poke|p1|Toedscruel, L50, M|\n|poke|p2|Typhlosion, L50, M|\n|poke|p2|Gholdengo, L50|\n|poke|p2|Whimsicott, L50, M|\n|poke|p2|Incineroar, L50, M|\n|poke|p2|Rillaboom, L50, F|\n|poke|p2|Annihilape, L50, M|\n|teampreview|4\n|inactive|Battle timer is ON: inactive players will automatically lose when time's up. (requested by aremine)\n|inactive|sean_Choi123 has 60 seconds left.\n|inactive|sean_Choi123 has 30 seconds left.\n|\n|t:|1735741761\n|start\n|switch|p1a: Incineroar|Incineroar, L50, F|100/100\n|switch|p1b: Weezing|Weezing, L50, F|100/100\n|switch|p2a: Typhlosion|Typhlosion, L50, M|100/100\n|switch|p2b: Annihilape|Annihilape, L50, M|100/100\n|-ability|p1b: Weezing|Neutralizing Gas\n|turn|1\n|\n|t:|1735741780\n|move|p2a: Typhlosion|Protect|p2a: Typhlosion\n|-singleturn|p2a: Typhlosion|Protect\n|move|p1b: Weezing|Protect|p1b: Weezing\n|-singleturn|p1b: Weezing|Protect\n|move|p2b: Annihilape|Close Combat|p1a: Incineroar\n|-supereffective|p1a: Incineroar\n|-damage|p1a: Incineroar|4/100\n|-unboost|p2b: Annihilape|def|1\n|-unboost|p2b: Annihilape|spd|1\n|move|p1a: Incineroar|Flare Blitz|p2b: Annihilape\n|-damage|p2b: Annihilape|23/100\n|-enditem|p2b: Annihilape|Sitrus Berry|[eat]\n|-heal|p2b: Annihilape|48/100|[from] item: Sitrus Berry\n|-damage|p1a: Incineroar|0 fnt|[from] Recoil\n|faint|p1a: Incineroar\n|\n|upkeep\n|\n|t:|1735741794\n|switch|p1a: Slaking|Slaking, L50, M|100/100\n|turn|2\n|\n|t:|1735741814\n|switch|p2a: Incineroar|Incineroar, L50, M|100/100\n|move|p2b: Annihilape|Protect|p2b: Annihilape\n|-singleturn|p2b: Annihilape|Protect\n|move|p1a: Slaking|Facade|p2a: Incineroar\n|-damage|p2a: Incineroar|58/100\n|-damage|p1a: Slaking|91/100|[from] item: Life Orb\n|move|p1b: Weezing|Will-O-Wisp|p2b: Annihilape\n|-activate|p2b: Annihilape|move: Protect\n|\n|upkeep\n|turn|3\n|inactive|aremine has 30 seconds left.\n|\n|t:|1735741842\n|move|p1a: Slaking|Protect|p1a: Slaking\n|-singleturn|p1a: Slaking|Protect\n|move|p2a: Incineroar|Fake Out|p1b: Weezing\n|-damage|p1b: Weezing|91/100\n|move|p2b: Annihilape|Close Combat|p1a: Slaking\n|-activate|p1a: Slaking|move: Protect\n|cant|p1b: Weezing|flinch\n|\n|-heal|p1b: Weezing|97/100|[from] item: Leftovers\n|upkeep\n|turn|4\n|\n|t:|1735741859\n|move|p2b: Annihilape|Protect|p2b: Annihilape\n|-singleturn|p2b: Annihilape|Protect\n|move|p1b: Weezing|Protect|p1b: Weezing\n|-singleturn|p1b: Weezing|Protect\n|move|p1a: Slaking|Earthquake|p2b: Annihilape|[spread] p2a\n|-activate|p1b: Weezing|move: Protect\n|-activate|p2b: Annihilape|move: Protect\n|-supereffective|p2a: Incineroar\n|-damage|p2a: Incineroar|1/100\n|-damage|p1a: Slaking|81/100|[from] item: Life Orb\n|move|p2a: Incineroar|Parting Shot|p1a: Slaking\n|-unboost|p1a: Slaking|atk|1\n|-unboost|p1a: Slaking|spa|1\n|inactive|sean_Choi123 has 30 seconds left.\n|\n|t:|1735741886\n|switch|p2a: Whimsicott|Whimsicott, L50, M|100/100|[from] Parting Shot\n|\n|-heal|p1b: Weezing|100/100|[from] item: Leftovers\n|upkeep\n|turn|5\n|inactive|aremine has 30 seconds left.\n|\n|t:|1735741916\n|switch|p1a: Ditto|Ditto, L50|100/100\n|move|p2a: Whimsicott|Encore|p1b: Weezing\n|-start|p1b: Weezing|Encore\n|move|p2b: Annihilape|Bulk Up|p2b: Annihilape\n|-boost|p2b: Annihilape|atk|1\n|-boost|p2b: Annihilape|def|1\n|move|p1b: Weezing|Protect||[still]\n|-fail|p1b: Weezing\n|\n|upkeep\n|turn|6\n|\n|t:|1735741934\n|move|p1b: Weezing|Protect|p1b: Weezing\n|-singleturn|p1b: Weezing|Protect\n|move|p2a: Whimsicott|Tailwind|p2a: Whimsicott\n|-sidestart|p2: sean_Choi123|move: Tailwind\n|move|p2b: Annihilape|Close Combat|p1a: Ditto\n|-supereffective|p1a: Ditto\n|-damage|p1a: Ditto|0 fnt\n|-unboost|p2b: Annihilape|def|1\n|-unboost|p2b: Annihilape|spd|1\n|faint|p1a: Ditto\n|\n|upkeep\n|-message|aremine forfeited.\n|\n|win|sean_Choi123\n|raw|aremine's rating: 1305 &rarr; <strong>1294</strong><br />(-11 for losing)\n|raw|sean_Choi123's rating: 1478 &rarr; <strong>1489</strong><br />(+11 for winning)\n|l|\u2606aremine\n|player|p1|\n|l|\u2606sean_Choi123\n|player|p2|\n",
  "uploadtime": 1735742244,
  "views": 125,
  "formatid": "gen9vgc2024regh",
  "rating": 1294,
  "private": 0,
  "password": null
}