{
  "id": "gen9vgc2024regh-2273188392",
  "format": "[Gen 9] VGC 2024 Reg H",
  "players": [
    "Tapu_Fume",
    "vollzeitmetaler"
  ],
  "log": "|j|\u2606Tapu_Fume\n|j|\u2606vollzeitmetaler\n|t:|1735747274\n|gametype|doubles\n|player|p1|Tapu_Fume|collector|1216\n|player|p2|vollzeitmetaler|170|1181\n|teamsize|p1|6\n|teamsize|p2|6\n|gen|9\n|tier|[Gen 9] VGC 2024 Reg H\n|rated|\n|rule|Species Clause: Limit one of each Pok\u00e9mon\n|rule|Item Clause: Limit 1 of each item\n|clearpoke\n|poke|p1|Ninetales-Alola, L50, F|\n|poke|p1|Blastoise, L50, M|\n|poke|p1|Incineroar, L50, M|\n|poke|p1|Rillaboom, L50, M|\n|poke|p1|Kommo-o, L50, M|\n|poke|p1|Volcarona, L50, F|\n|poke|p2|Sneasler, L50, M|\n|poke|p2|Baxcalibur, L50, F|\n|poke|p2|Skeledirge, L50, M|\n|poke|p2|Farigiraf, L50, F|\n|poke|p2|Ninetales-Alola, L50, M|\n|poke|p2|Torterra, L50, M|\n|teampreview|4\n|\n|t:|1735747304\n|start\n|switch|p1a: Incineroar|Incineroar, L50, M|100/100\n|switch|p1b: Volcarona|Volcarona, L50, F, shiny|100/100\n|switch|p2a: Ninetales|Ninetales-Alola, L50, M|100/100\n|switch|p2b: *girafe noises*|Farigiraf, L50, F|100/100\n|-weather|Snow|[from] ability: Snow Warning|[of] p2a: Ninetales\n|-ability|p1a: Incineroar|Intimidate|boost\n|-unboost|p2a: Ninetales|atk|1\n|-unboost|p2b: *girafe noises*|atk|1\n|turn|1\n|inactive|Battle timer is ON: inactive players will automatically lose when time's up. (requested by Tapu_Fume)\n|\n|t:|1735747328\n|move|p2a: Ninetales|Aurora Veil|p2a: Ninetales\n|-sidestart|p2: vollzeitmetaler|move: Aurora Veil\n|move|p1b: Volcarona|Quiver Dance|p1b: Volcarona\n|-boost|p1b: Volcarona|spa|1\n|-boost|p1b: Volcarona|spd|1\n|-boost|p1b: Volcarona|spe|1\n|move|p1a: Incineroar|Flare Blitz|p2a: Ninetales\n|-supereffective|p2a: Ninetales\n|-damage|p2a: Ninetales|41/100\n|-damage|p1a: Incineroar|86/100|[from] Recoil\n|move|p2b: *girafe noises*|Trick Room|p2b: *girafe noises*\n|-fieldstart|move: Trick Room|[of] p2b: *girafe noises*\n|\n|-weather|Snow|[upkeep]\n|upkeep\n|turn|2\n|\n|t:|1735747352\n|switch|p2a: Skeledirge|Skeledirge, L50, M, shiny|100/100\n|move|p2b: *girafe noises*|Psychic Fangs|p1b: Volcarona\n|-damage|p1b: Volcarona|61/100\n|-status|p2b: *girafe noises*|brn|[from] ability: Flame Body|[of] p1b: Volcarona\n|-damage|p2b: *girafe noises*|91/100 brn|[from] item: Life Orb\n|move|p1a: Incineroar|Knock Off|p2b: *girafe noises*\n|-supereffective|p2b: *girafe noises*\n|-damage|p2b: *girafe noises*|39/100 brn\n|-enditem|p2b: *girafe noises*|Life Orb|[from] move: Knock Off|[of] p1a: Incineroar\n|move|p1b: Volcarona|Heat Wave|p2b: *girafe noises*|[spread] p2a,p2b\n|-resisted|p2a: Skeledirge\n|-damage|p2a: Skeledirge|87/100\n|-damage|p2b: *girafe noises*|1/100 brn\n|\n|-weather|Snow|[upkeep]\n|-heal|p1b: Volcarona|68/100|[from] item: Leftovers\n|-damage|p2b: *girafe noises*|0 fnt|[from] brn\n|faint|p2b: *girafe noises*\n|upkeep\n|\n|t:|1735747363\n|switch|p2b: *stomp|Torterra, L50, M, shiny|100/100\n|turn|3\n|inactive|Tapu_Fume has 30 seconds left.\n|inactive|Tapu_Fume has 20 seconds left.\n|\n|t:|1735747399\n|switch|p1a: Blastoise|Blastoise, L50, M|100/100\n|move|p1b: Volcarona|Protect|p1b: Volcarona\n|-singleturn|p1b: Volcarona|Protect\n|move|p2a: Skeledirge|Torch Song|p1b: Volcarona\n|-activate|p1b: Volcarona|move: Protect\n|move|p2b: *stomp|Rock Blast|p1b: Volcarona\n|-activate|p1b: Volcarona|move: Protect\n|\n|-weather|Snow|[upkeep]\n|-heal|p1b: Volcarona|74/100|[from] item: Leftovers\n|upkeep\n|turn|4\n|inactive|Tapu_Fume has 30 seconds left.\n|\n|t:|1735747429\n|-terastallize|p2a: Skeledirge|Fairy\n|move|p1a: Blastoise|Fake Out|p2b: *stomp\n|-damage|p2b: *stomp|97/100\n|move|p2a: Skeledirge|Torch Song|p1b: Volcarona\n|-damage|p1b: Volcarona|48/100\n|-boost|p2a: Skeledirge|spa|1\n|cant|p2b: *stomp|flinch\n|move|p1b: Volcarona|Quiver Dance|p1b: Volcarona\n|-boost|p1b: Volcarona|spa|1\n|-boost|p1b: Volcarona|spd|1\n|-boost|p1b: Volcarona|spe|1\n|\n|-weather|Snow|[upkeep]\n|-heal|p1b: Volcarona|55/100|[from] item: Leftovers\n|upkeep\n|turn|5\n|inactive|Tapu_Fume has 30 seconds left.\n|inactive|Tapu_Fume has 20 seconds left.\n|inactive|vollzeitmetaler has 30 seconds left.\n|\n|t:|1735747469\n|switch|p1a: Incineroar|Incineroar, L50, M|86/100\n|-ability|p1a: Incineroar|Intimidate|boost\n|-unboost|p2a: Skeledirge|atk|1\n|-unboost|p2b: *stomp|atk|1\n|move|p1b: Volcarona|Protect|p1b: Volcarona\n|-singleturn|p1b: Volcarona|Protect\n|move|p2a: Skeledirge|Torch Song|p1b: Volcarona\n|-activate|p1b: Volcarona|move: Protect\n|move|p2b: *stomp|Bullet Seed|p1a: Incineroar\n|-resisted|p1a: Incineroar\n|-damage|p1a: Incineroar|82/100\n|-resisted|p1a: Incineroar\n|-damage|p1a: Incineroar|79/100\n|-resisted|p1a: Incineroar\n|-damage|p1a: Incineroar|76/100\n|-resisted|p1a: Incineroar\n|-damage|p1a: Incineroar|73/100\n|-resisted|p1a: Incineroar\n|-damage|p1a: Incineroar|70/100\n|-hitcount|p1a: Incineroar|5\n|\n|-weather|none\n|-heal|p1b: Volcarona|61/100|[from] item: Leftovers\n|-fieldend|move: Trick Room\n|upkeep\n|turn|6\n|inactive|Tapu_Fume has 30 seconds left.\n|inactive|Tapu_Fume has 20 seconds left.\n|\n|t:|1735747508\n|switch|p2b: Ninetales|Ninetales-Alola, L50, M|41/100\n|-weather|Snow|[from] ability: Snow Warning|[of] p2b: Ninetales\n|move|p1a: Incineroar|Fake Out|p2b: Ninetales\n|-crit|p2b: Ninetales\n|-damage|p2b: Ninetales|24/100\n|move|p1b: Volcarona|Heat Wave|p2b: Ninetales|[spread] p2a,p2b\n|-supereffective|p2b: Ninetales\n|-damage|p2a: Skeledirge|64/100\n|-damage|p2b: Ninetales|0 fnt\n|faint|p2b: Ninetales\n|move|p2a: Skeledirge|Torch Song|p1b: Volcarona\n|-damage|p1b: Volcarona|19/100\n|-boost|p2a: Skeledirge|spa|1\n|\n|-weather|Snow|[upkeep]\n|-heal|p1b: Volcarona|25/100|[from] item: Leftovers\n|upkeep\n|\n|t:|1735747518\n|switch|p2b: *stomp|Torterra, L50, M, shiny|97/100\n|turn|7\n|\n|t:|1735747542\n|switch|p1a: Blastoise|Blastoise, L50, M|100/100\n|move|p1b: Volcarona|Protect|p1b: Volcarona\n|-singleturn|p1b: Volcarona|Protect\n|move|p2b: *stomp|Protect|p2b: *stomp\n|-singleturn|p2b: *stomp|Protect\n|move|p2a: Skeledirge|Torch Song|p1b: Volcarona\n|-activate|p1b: Volcarona|move: Protect\n|\n|-weather|Snow|[upkeep]\n|-heal|p1b: Volcarona|31/100|[from] item: Leftovers\n|upkeep\n|turn|8\n|inactive|Tapu_Fume has 30 seconds left.\n|inactive|Tapu_Fume has 20 seconds left.\n|\n|t:|1735747577\n|move|p2b: *stomp|Protect||[still]\n|-fail|p2b: *stomp\n|move|p1a: Blastoise|Fake Out|p2b: *stomp\n|-damage|p2b: *stomp|93/100\n|move|p1b: Volcarona|Heat Wave|p2b: *stomp|[spread] p2a,p2b\n|-supereffective|p2b: *stomp\n|-damage|p2a: Skeledirge|37/100\n|-damage|p2b: *stomp|3/100\n|move|p2a: Skeledirge|Shadow Ball|p1b: Volcarona\n|-damage|p1b: Volcarona|0 fnt\n|faint|p1b: Volcarona\n|\n|-weather|Snow|[upkeep]\n|-sideend|p2: vollzeitmetaler|move: Aurora Veil\n|upkeep\n|-message|vollzeitmetaler forfeited.\n|\n|win|Tapu_Fume\n|raw|Tapu_Fume's rating: 1216 &rarr; <strong>1238</strong><br />(+22 for winning)\n|raw|vollzeitmetaler's rating: 1181 &rarr; <strong>1159</strong><br />(-22 for losing)\n|l|\u2606vollzeitmetaler\n|player|p2|\n",
  "uploadtime": 1735747920,
  "views": 131,
  "formatid": "gen9vgc2024regh",
  "rating": 1159,
  "private": 0,
  "password": null
}