{
  "id": "gen9vgc2024regh-2273189108",
  "format": "[Gen 9] VGC 2024 Reg H",
  "players": [
    "Just_Hadi09",
    "Cleavordie"
  ],
  "log": "|j|\u2606Just_Hadi09\n|j|\u2606Cleavordie\n|t:|1735747385\n|gametype|doubles\n|player|p1|Just_Hadi09|red|1064\n|player|p2|Cleavordie|brycenman|1169\n|teamsize|p1|6\n|teamsize|p2|6\n|gen|9\n|tier|[Gen 9] VGC 2024 Reg H\n|rated|\n|rule|Species Clause: Limit one of each Pok\u00e9mon\n|rule|Item Clause: Limit 1 of each item\n|clearpoke\n|poke|p1|Incineroar, L50, M|\n|poke|p1|Dragonite, L50, F|\n|poke|p1|Garchomp, L50, M|\n|poke|p1|Blissey, L50, F|\n|poke|p1|Gardevoir, L50, M|\n|poke|p1|Eelektross, L50, F|\n|poke|p2|Rillaboom, L50, M|\n|poke|p2|Pelipper, L50, F|\n|poke|p2|Electabuzz, L50, F|\n|poke|p2|Archaludon, L50, M|\n|poke|p2|Drednaw, L50, M|\n|poke|p2|Tauros-Paldea-Aqua, L50, M|\n|teampreview|4\n|inactive|Battle timer is ON: inactive players will automatically lose when time's up. (requested by Just_Hadi09)\n|\n|t:|1735747413\n|start\n|switch|p1a: Incineroar|Incineroar, L50, M|100/100\n|switch|p1b: Dragonite|Dragonite, L50, F|100/100\n|switch|p2a: Pelipper|Pelipper, L50, F|100/100\n|switch|p2b: Tauros|Tauros-Paldea-Aqua, L50, M|100/100\n|-ability|p2b: Tauros|Intimidate|boost\n|-unboost|p1a: Incineroar|atk|1\n|-unboost|p1b: Dragonite|atk|1\n|-weather|RainDance|[from] ability: Drizzle|[of] p2a: Pelipper\n|-ability|p1a: Incineroar|Intimidate|boost\n|-unboost|p2a: Pelipper|atk|1\n|-unboost|p2b: Tauros|atk|1\n|turn|1\n|inactive|Cleavordie has 30 seconds left.\n|\n|t:|1735747438\n|-terastallize|p1b: Dragonite|Dragon\n|move|p2b: Tauros|Raging Bull|p1a: Incineroar\n|-supereffective|p1a: Incineroar\n|-damage|p1a: Incineroar|0 fnt\n|-damage|p2b: Tauros|84/100|[from] item: Rocky Helmet|[of] p1a: Incineroar\n|faint|p1a: Incineroar\n|-damage|p2b: Tauros|74/100|[from] item: Life Orb\n|move|p1b: Dragonite|Dragon Dance|p1b: Dragonite\n|-boost|p1b: Dragonite|atk|1\n|-boost|p1b: Dragonite|spe|1\n|move|p2a: Pelipper|Weather Ball|p1b: Dragonite\n|-resisted|p1b: Dragonite\n|-damage|p1b: Dragonite|87/100\n|\n|-weather|RainDance|[upkeep]\n|upkeep\n|\n|t:|1735747456\n|switch|p1a: Nurse Joy|Blissey, L50, F|100/100\n|turn|2\n|\n|t:|1735747470\n|move|p1b: Dragonite|Dragon Dance|p1b: Dragonite\n|-boost|p1b: Dragonite|atk|1\n|-boost|p1b: Dragonite|spe|1\n|move|p2b: Tauros|Close Combat|p1a: Nurse Joy\n|-supereffective|p1a: Nurse Joy\n|-damage|p1a: Nurse Joy|23/100\n|-unboost|p2b: Tauros|def|1\n|-unboost|p2b: Tauros|spd|1\n|-damage|p2b: Tauros|64/100|[from] item: Life Orb\n|move|p2a: Pelipper|Tailwind|p2a: Pelipper\n|-sidestart|p2: Cleavordie|move: Tailwind\n|move|p1a: Nurse Joy|Life Dew|p1a: Nurse Joy|[spread] p1a,p1b\n|-heal|p1a: Nurse Joy|48/100\n|-heal|p1b: Dragonite|100/100\n|\n|-weather|RainDance|[upkeep]\n|upkeep\n|turn|3\n|\n|t:|1735747493\n|move|p2b: Tauros|Close Combat|p1a: Nurse Joy\n|-supereffective|p1a: Nurse Joy\n|-damage|p1a: Nurse Joy|0 fnt\n|-unboost|p2b: Tauros|def|1\n|-unboost|p2b: Tauros|spd|1\n|faint|p1a: Nurse Joy\n|-damage|p2b: Tauros|54/100|[from] item: Life Orb\n|move|p1b: Dragonite|Scale Shot|p2b: Tauros\n|-damage|p2b: Tauros|0 fnt\n|faint|p2b: Tauros\n|-hitcount|p2: Tauros|1\n|-unboost|p1b: Dragonite|def|1\n|-boost|p1b: Dragonite|spe|1\n|move|p2a: Pelipper|Hurricane|p1b: Dragonite\n|-damage|p1b: Dragonite|82/100\n|\n|-weather|RainDance|[upkeep]\n|upkeep\n|\n|t:|1735747516\n|switch|p2b: Drednaw|Drednaw, L50, M, shiny|100/100\n|switch|p1a: Eelektross|Eelektross, L50, F|100/100\n|turn|4\n|inactive|Just_Hadi09 has 30 seconds left.\n|inactive|Cleavordie has 30 seconds left.\n|\n|t:|1735747543\n|switch|p2a: Rillaboom|Rillaboom, L50, M|100/100\n|-fieldstart|move: Grassy Terrain|[from] ability: Grassy Surge|[of] p2a: Rillaboom\n|move|p2b: Drednaw|Protect|p2b: Drednaw\n|-singleturn|p2b: Drednaw|Protect\n|move|p1b: Dragonite|Scale Shot|p2b: Drednaw\n|-activate|p2b: Drednaw|move: Protect\n|move|p1a: Eelektross|Supercell Slam|p2a: Rillaboom\n|-resisted|p2a: Rillaboom\n|-damage|p2a: Rillaboom|69/100\n|\n|-weather|RainDance|[upkeep]\n|-heal|p1b: Dragonite|88/100|[from] Grassy Terrain\n|-heal|p2a: Rillaboom|75/100|[from] Grassy Terrain\n|upkeep\n|turn|5\n|\n|t:|1735747567\n|move|p2a: Rillaboom|Fake Out|p1b: Dragonite\n|-damage|p1b: Dragonite|67/100\n|move|p2b: Drednaw|Shell Smash|p2b: Drednaw\n|-unboost|p2b: Drednaw|def|1\n|-unboost|p2b: Drednaw|spd|1\n|-boost|p2b: Drednaw|atk|2\n|-boost|p2b: Drednaw|spa|2\n|-boost|p2b: Drednaw|spe|2\n|cant|p1b: Dragonite|flinch\n|move|p1a: Eelektross|Brick Break|p2b: Drednaw\n|-supereffective|p2b: Drednaw\n|-damage|p2b: Drednaw|2/100\n|\n|-weather|none\n|-heal|p2b: Drednaw|8/100|[from] Grassy Terrain\n|-heal|p1b: Dragonite|73/100|[from] Grassy Terrain\n|-heal|p2a: Rillaboom|80/100|[from] Grassy Terrain\n|-sideend|p2: Cleavordie|move: Tailwind\n|upkeep\n|turn|6\n|\n|t:|1735747590\n|move|p2b: Drednaw|Protect|p2b: Drednaw\n|-singleturn|p2b: Drednaw|Protect\n|move|p1b: Dragonite|Scale Shot|p2a: Rillaboom\n|-crit|p2a: Rillaboom\n|-damage|p2a: Rillaboom|28/100\n|-damage|p2a: Rillaboom|0 fnt\n|faint|p2a: Rillaboom\n|-hitcount|p2: Rillaboom|2\n|-unboost|p1b: Dragonite|def|1\n|-boost|p1b: Dragonite|spe|1\n|move|p1a: Eelektross|Brick Break|p2b: Drednaw\n|-activate|p2b: Drednaw|move: Protect\n|\n|-heal|p1b: Dragonite|79/100|[from] Grassy Terrain\n|-heal|p2b: Drednaw|14/100|[from] Grassy Terrain\n|upkeep\n|\n|t:|1735747604\n|switch|p2a: Pelipper|Pelipper, L50, F|100/100\n|-weather|RainDance|[from] ability: Drizzle|[of] p2a: Pelipper\n|turn|7\n|\n|t:|1735747624\n|move|p2b: Drednaw|Liquidation|p1a: Eelektross\n|-enditem|p1a: Eelektross|Focus Sash\n|-damage|p1a: Eelektross|1/100\n|move|p1b: Dragonite|Scale Shot|p2b: Drednaw\n|-damage|p2b: Drednaw|0 fnt\n|faint|p2b: Drednaw\n|-hitcount|p2: Drednaw|1\n|-unboost|p1b: Dragonite|def|1\n|-boost|p1b: Dragonite|spe|1\n|move|p2a: Pelipper|Hurricane|p1b: Dragonite\n|-damage|p1b: Dragonite|43/100\n|move|p1a: Eelektross|Brick Break|p2a: Pelipper\n|-resisted|p2a: Pelipper\n|-damage|p2a: Pelipper|90/100\n|-damage|p1a: Eelektross|0 fnt|[from] item: Rocky Helmet|[of] p2a: Pelipper\n|faint|p1a: Eelektross\n|\n|-weather|RainDance|[upkeep]\n|-heal|p1b: Dragonite|49/100|[from] Grassy Terrain\n|upkeep\n|turn|8\n|\n|t:|1735747647\n|move|p1b: Dragonite|Scale Shot|p2a: Pelipper\n|-damage|p2a: Pelipper|67/100\n|-damage|p2a: Pelipper|41/100\n|-damage|p2a: Pelipper|15/100\n|-damage|p2a: Pelipper|0 fnt\n|faint|p2a: Pelipper\n|-hitcount|p2: Pelipper|4\n|\n|win|Just_Hadi09\n|raw|Just_Hadi09's rating: 1064 &rarr; <strong>1103</strong><br />(+39 for winning)\n|raw|Cleavordie's rating: 1169 &rarr; <strong>1137</strong><br />(-32 for losing)\n|l|\u2606Just_Hadi09\n|player|p1|\n|l|\u2606Cleavordie\n|player|p2|\n",
  "uploadtime": 1735748058,
  "views": 139,
  "formatid": "gen9vgc2024regh",
  "rating": 1103,
  "private": 0,
  "password": null
}