{
  "id": "gen9vgc2024regh-2273117321",
  "format": "[Gen 9] VGC 2024 Reg H",
  "players": [
    "Nicnacks187",
    "Parrish2"
  ],
  "log": "|j|\u2606Nicnacks187\n|j|\u2606Parrish2\n|t:|1735734134\n|gametype|doubles\n|player|p1|Nicnacks187|brock|1230\n|player|p2|Parrish2|birdkeeper-gen4dp|1186\n|teamsize|p1|6\n|teamsize|p2|6\n|gen|9\n|tier|[Gen 9] VGC 2024 Reg H\n|rated|\n|rule|Species Clause: Limit one of each Pok\u00e9mon\n|rule|Item Clause: Limit 1 of each item\n|clearpoke\n|poke|p1|Porygon2, L50|\n|poke|p1|Gholdengo, L50|\n|poke|p1|Ursaluna, L50, M|\n|poke|p1|Incineroar, L50, M|\n|poke|p1|Amoonguss, L50, F|\n|poke|p1|Sneasler, L50, M|\n|poke|p2|Lilligant-Hisui, L50, F|\n|poke|p2|Hydrapple, L50, F|\n|poke|p2|Persian-Alola, L50, F|\n|poke|p2|Magnezone, L50|\n|poke|p2|Wyrdeer, L50, M|\n|poke|p2|Stonjourner, L50, F|\n|teampreview|4\nParrish2 rejected open team sheets.\n|inactive|Battle timer is ON: inactive players will automatically lose when time's up. (requested by Nicnacks187)\n|\n|t:|1735734165\n|start\n|switch|p1a: Gholdengo|Gholdengo, L50|100/100\n|switch|p1b: Incineroar|Incineroar, L50, M|100/100\n|switch|p2a: Persian|Persian-Alola, L50, F, shiny|100/100\n|switch|p2b: Hydrapple|Hydrapple, L50, F, shiny|100/100\n|-ability|p1b: Incineroar|Intimidate|boost\n|-unboost|p2a: Persian|atk|1\n|-unboost|p2b: Hydrapple|atk|1\n|-ability|p2b: Hydrapple|Supersweet Syrup\n|-unboost|p1a: Gholdengo|evasion|1\n|-unboost|p1b: Incineroar|evasion|1\n|turn|1\n|inactive|Parrish2 has 30 seconds left.\n|\n|t:|1735734190\n|move|p2a: Persian|Fake Out|p1b: Incineroar\n|-damage|p1b: Incineroar|97/100\n|cant|p1b: Incineroar|flinch\n|move|p1a: Gholdengo|Make It Rain|p2b: Hydrapple|[spread] p2a,p2b\n|-damage|p2a: Persian|0 fnt\n|-damage|p2b: Hydrapple|34/100\n|-unboost|p1a: Gholdengo|spa|1\n|faint|p2a: Persian\n|-damage|p1a: Gholdengo|91/100|[from] item: Life Orb\n|move|p2b: Hydrapple|Earth Power|p1a: Gholdengo\n|-supereffective|p1a: Gholdengo\n|-damage|p1a: Gholdengo|0 fnt\n|faint|p1a: Gholdengo\n|\n|upkeep\n|\n|t:|1735734212\n|switch|p2a: Magnezone|Magnezone, L50, shiny|100/100\n|switch|p1a: Porygon2|Porygon2, L50|100/100\n|-ability|p1a: Porygon2|Download|boost\n|-boost|p1a: Porygon2|spa|1\n|turn|2\n|\n|t:|1735734224\n|-terastallize|p2b: Hydrapple|Water\n|move|p1a: Porygon2|Ice Beam|p2b: Hydrapple\n|-resisted|p2b: Hydrapple\n|-damage|p2b: Hydrapple|14/100\n|move|p1b: Incineroar|Flare Blitz|p2a: Magnezone\n|-supereffective|p2a: Magnezone\n|-damage|p2a: Magnezone|15/100\n|-damage|p1b: Incineroar|76/100|[from] Recoil\n|move|p2a: Magnezone|Gravity|p2a: Magnezone\n|-fieldstart|move: Gravity\n|move|p2b: Hydrapple|Earth Power|p1b: Incineroar\n|-supereffective|p1b: Incineroar\n|-damage|p1b: Incineroar|0 fnt\n|faint|p1b: Incineroar\n|\n|upkeep\n|\n|t:|1735734237\n|switch|p1b: Ursaluna|Ursaluna, L50, M|100/100\n|turn|3\n|\n|t:|1735734256\n|move|p2a: Magnezone|Protect|p2a: Magnezone\n|-singleturn|p2a: Magnezone|Protect\n|move|p1b: Ursaluna|Protect|p1b: Ursaluna\n|-singleturn|p1b: Ursaluna|Protect\n|move|p2b: Hydrapple|Earth Power|p1a: Porygon2\n|-damage|p1a: Porygon2|69/100\n|move|p1a: Porygon2|Trick Room|p1a: Porygon2\n|-fieldstart|move: Trick Room|[of] p1a: Porygon2\n|\n|-status|p1b: Ursaluna|brn|[from] item: Flame Orb\n|upkeep\n|turn|4\n|\n|t:|1735734275\n|move|p2b: Hydrapple|Earth Power|p1b: Ursaluna\n|-damage|p1b: Ursaluna|60/100 brn\n|-unboost|p1b: Ursaluna|spd|1\n|move|p1b: Ursaluna|Facade|p2b: Hydrapple\n|-damage|p2b: Hydrapple|0 fnt\n|faint|p2b: Hydrapple\n|move|p2a: Magnezone|Flash Cannon|p1b: Ursaluna\n|-damage|p1b: Ursaluna|0 fnt\n|faint|p1b: Ursaluna\n|move|p1a: Porygon2|Ice Beam|p2a: Magnezone\n|-resisted|p2a: Magnezone\n|-damage|p2a: Magnezone|0 fnt\n|faint|p2a: Magnezone\n|\n|upkeep\n|\n|t:|1735734288\n|switch|p2b: Lilligant|Lilligant-Hisui, L50, F, shiny|100/100\n|turn|5\n|\n|t:|1735734299\n|move|p1a: Porygon2|Ice Beam|p2b: Lilligant\n|-supereffective|p2b: Lilligant\n|-damage|p2b: Lilligant|0 fnt\n|faint|p2b: Lilligant\n|\n|win|Nicnacks187\n|raw|Nicnacks187's rating: 1230 &rarr; <strong>1252</strong><br />(+22 for winning)\n|raw|Parrish2's rating: 1186 &rarr; <strong>1164</strong><br />(-22 for losing)\n|l|\u2606Parrish2\n|player|p2|\n|l|\u2606Nicnacks187\n|player|p1|\n",
  "uploadtime": 1735734616,
  "views": 22,
  "formatid": "gen9vgc2024regh",
  "rating": 1164,
  "private": 0,
  "password": null
}