{
  "id": "gen9vgc2024regh-2273135874",
  "format": "[Gen 9] VGC 2024 Reg H",
  "players": [
    "evolvingace21",
    "ryuu13g"
  ],
  "log": "|j|\u2606evolvingace21\n|j|\u2606ryuu13g\n|t:|1735738156\n|gametype|doubles\n|player|p1|evolvingace21|grimsley|1405\n|player|p2|ryuu13g|riley|1302\n|teamsize|p1|6\n|teamsize|p2|6\n|gen|9\n|tier|[Gen 9] VGC 2024 Reg H\n|rated|\n|rule|Species Clause: Limit one of each Pok\u00e9mon\n|rule|Item Clause: Limit 1 of each item\n|clearpoke\n|poke|p1|Ursaluna, L50, F|\n|poke|p1|Incineroar, L50, M|\n|poke|p1|Annihilape, L50, M|\n|poke|p1|Hydrapple, L50, M|\n|poke|p1|Gengar, L50, F|\n|poke|p1|Magnezone, L50|\n|poke|p2|Ursaluna-Bloodmoon, L50, M|\n|poke|p2|Sneasler, L50, F|\n|poke|p2|Indeedee, L50, M|\n|poke|p2|Incineroar, L50, F|\n|poke|p2|Ninetales-Alola, L50, F|\n|poke|p2|Talonflame, L50, M|\n|teampreview|4\n|c|\u2606ryuu13g|glhf\n|inactive|Battle timer is ON: inactive players will automatically lose when time's up. (requested by evolvingace21)\n|\n|t:|1735738185\n|start\n|switch|p1a: Magnezone|Magnezone, L50|100/100\n|switch|p1b: Gengar|Gengar, L50, F|100/100\n|switch|p2a: Indeedee|Indeedee, L50, M|100/100\n|switch|p2b: Ninetales|Ninetales-Alola, L50, F|100/100\n|-weather|Snow|[from] ability: Snow Warning|[of] p2b: Ninetales\n|-fieldstart|move: Psychic Terrain|[from] ability: Psychic Surge|[of] p2a: Indeedee\n|-enditem|p2a: Indeedee|Psychic Seed\n|-boost|p2a: Indeedee|spd|1|[from] item: Psychic Seed\n|turn|1\n|inactive|evolvingace21 has 30 seconds left.\n|\n|t:|1735738213\n|move|p2b: Ninetales|Aurora Veil|p2b: Ninetales\n|-sidestart|p2: ryuu13g|move: Aurora Veil\n|move|p1a: Magnezone|Flash Cannon|p2b: Ninetales\n|-supereffective|p2b: Ninetales\n|-damage|p2b: Ninetales|0 fnt\n|faint|p2b: Ninetales\n|move|p1b: Gengar|Trick Room|p1b: Gengar\n|-fieldstart|move: Trick Room|[of] p1b: Gengar\n|move|p2a: Indeedee|Trick Room|p2a: Indeedee\n|-fieldend|move: Trick Room\n|\n|-weather|Snow|[upkeep]\n|upkeep\n|j| shihouijg6\n|\n|t:|1735738227\n|switch|p2b: Ursaluna|Ursaluna-Bloodmoon, L50, M|100/100\n|turn|2\n|inactive|evolvingace21 has 30 seconds left.\n|\n|t:|1735738254\n|move|p1b: Gengar|Sludge Bomb|p2a: Indeedee\n|-damage|p2a: Indeedee|70/100\n|-status|p2a: Indeedee|psn\n|move|p2a: Indeedee|Expanding Force|p1b: Gengar|[spread] p1a,p1b\n|-resisted|p1a: Magnezone\n|-supereffective|p1b: Gengar\n|-damage|p1a: Magnezone|64/100\n|-enditem|p1b: Gengar|Focus Sash\n|-damage|p1b: Gengar|1/100\n|-start|p2a: Indeedee|Disable|Expanding Force|[from] ability: Cursed Body|[of] p1b: Gengar\n|move|p1a: Magnezone|Volt Switch|p2a: Indeedee\n|-damage|p2a: Indeedee|50/100 psn\n|\n|t:|1735738275\n|switch|p1a: Ursaluna|Ursaluna, L50, F|100/100|[from] Volt Switch\n|move|p2b: Ursaluna|Earth Power|p1a: Ursaluna\n|-damage|p1a: Ursaluna|36/100\n|-damage|p2b: Ursaluna|91/100|[from] item: Life Orb\n|\n|-weather|Snow|[upkeep]\n|-damage|p2a: Indeedee|37/100 psn|[from] psn\n|-status|p1a: Ursaluna|brn|[from] item: Flame Orb\n|upkeep\n|turn|3\n|inactive|evolvingace21 has 30 seconds left.\n|inactive|ryuu13g has 30 seconds left.\n|inactive|evolvingace21 has 20 seconds left.\n|\n|t:|1735738311\n|move|p1a: Ursaluna|Protect|p1a: Ursaluna\n|-singleturn|p1a: Ursaluna|Protect\n|move|p1b: Gengar|Sludge Bomb|p2a: Indeedee\n|-damage|p2a: Indeedee|7/100 psn\n|move|p2b: Ursaluna|Hyper Voice|p1a: Ursaluna|[spread] p1b\n|-activate|p1a: Ursaluna|move: Protect\n|-damage|p1b: Gengar|0 fnt\n|-start|p2b: Ursaluna|Disable|Hyper Voice|[from] ability: Cursed Body|[of] p1b: Gengar\n|faint|p1b: Gengar\n|-damage|p2b: Ursaluna|81/100|[from] item: Life Orb\n|move|p2a: Indeedee|Trick Room|p2a: Indeedee\n|-fieldstart|move: Trick Room|[of] p2a: Indeedee\n|\n|-weather|Snow|[upkeep]\n|-damage|p2a: Indeedee|0 fnt|[from] psn\n|faint|p2a: Indeedee\n|-damage|p1a: Ursaluna|30/100 brn|[from] brn\n|upkeep\n|\n|t:|1735738329\n|switch|p2a: Sneasler|Sneasler, L50, F|100/100\n|switch|p1b: Annihilape|Annihilape, L50, M|100/100\n|turn|4\n|inactive|ryuu13g has 30 seconds left.\n|\n|t:|1735738356\n|-terastallize|p1b: Annihilape|Steel\n|move|p1a: Ursaluna|Facade|p2a: Sneasler\n|-enditem|p2a: Sneasler|Focus Sash\n|-damage|p2a: Sneasler|1/100\n|move|p2b: Ursaluna|Blood Moon|p1a: Ursaluna\n|-crit|p1a: Ursaluna\n|-damage|p1a: Ursaluna|0 fnt\n|faint|p1a: Ursaluna\n|-damage|p2b: Ursaluna|72/100|[from] item: Life Orb\n|move|p1b: Annihilape|Drain Punch|p2b: Ursaluna\n|-supereffective|p2b: Ursaluna\n|-damage|p2b: Ursaluna|41/100\n|move|p2a: Sneasler|Dire Claw|p1b: Annihilape\n|-immune|p1b: Annihilape\n|\n|-weather|Snow|[upkeep]\n|upkeep\n|\n|t:|1735738373\n|switch|p1a: Magnezone|Magnezone, L50|64/100\n|turn|5\n|\n|t:|1735738395\n|move|p2b: Ursaluna|Earth Power|p1b: Annihilape\n|-supereffective|p1b: Annihilape\n|-damage|p1b: Annihilape|0 fnt\n|faint|p1b: Annihilape\n|-damage|p2b: Ursaluna|32/100|[from] item: Life Orb\n|move|p1a: Magnezone|Thunderbolt|p2a: Sneasler\n|-damage|p2a: Sneasler|0 fnt\n|faint|p2a: Sneasler\n|\n|-weather|none\n|-fieldend|move: Psychic Terrain\n|upkeep\n|turn|6\n|\n|t:|1735738411\n|move|p2b: Ursaluna|Earth Power|p1a: Magnezone\n|-supereffective|p1a: Magnezone\n|-damage|p1a: Magnezone|0 fnt\n|faint|p1a: Magnezone\n|-damage|p2b: Ursaluna|22/100|[from] item: Life Orb\n|\n|win|ryuu13g\n|raw|evolvingace21's rating: 1405 &rarr; <strong>1379</strong><br />(-26 for losing)\n|raw|ryuu13g's rating: 1302 &rarr; <strong>1328</strong><br />(+26 for winning)\n|c|\u2606ryuu13g|gg\n|c|\u2606evolvingace21|gg\n",
  "uploadtime": 1735738439,
  "views": 11,
  "formatid": "gen9vgc2024regh",
  "rating": 1328,
  "private": 0,
  "password": null
}