{
  "id": "gen9vgc2024regh-2273196273",
  "format": "[Gen 9] VGC 2024 Reg H",
  "players": [
    "Badteamonpaper",
    "Kpxbrothers"
  ],
  "log": "|j|\u2606Badteamonpaper\n|j|\u2606Kpxbrothers\n|t:|1735748467\n|gametype|doubles\n|player|p1|Badteamonpaper|170|1332\n|player|p2|Kpxbrothers|fisherman-gen4|1430\n|teamsize|p1|6\n|teamsize|p2|6\n|gen|9\n|tier|[Gen 9] VGC 2024 Reg H\n|rated|\n|rule|Species Clause: Limit one of each Pok\u00e9mon\n|rule|Item Clause: Limit 1 of each item\n|clearpoke\n|poke|p1|Quaquaval, L50, M|\n|poke|p1|Volcarona, L50, F|\n|poke|p1|Dondozo, L50, M|\n|poke|p1|Tatsugiri, L50, F|\n|poke|p1|Oricorio-Sensu, L50, M|\n|poke|p1|Kommo-o, L50, M|\n|poke|p2|Archaludon, L50, M|\n|poke|p2|Rillaboom, L50, F|\n|poke|p2|Basculegion, L50, M|\n|poke|p2|Kingambit, L50, F|\n|poke|p2|Pelipper, L50, M|\n|poke|p2|Electabuzz, L50, F|\n|teampreview|4\n|inactive|Battle timer is ON: inactive players will automatically lose when time's up. (requested by Kpxbrothers)\n|\n|t:|1735748534\n|start\n|switch|p1a: Quaquaval|Quaquaval, L50, M, shiny|100/100\n|switch|p1b: Dondozo|Dondozo, L50, M, shiny|100/100\n|switch|p2a: Rillaboom|Rillaboom, L50, F|100/100\n|switch|p2b: Basculegion|Basculegion, L50, M|100/100\n|-fieldstart|move: Grassy Terrain|[from] ability: Grassy Surge|[of] p2a: Rillaboom\n|turn|1\n|inactive|Badteamonpaper has 30 seconds left.\n|inactive|Kpxbrothers has 30 seconds left.\n|\n|t:|1735748561\n|switch|p2b: Pelipper|Pelipper, L50, M|100/100\n|-weather|RainDance|[from] ability: Drizzle|[of] p2b: Pelipper\n|-terastallize|p1a: Quaquaval|Flying\n|move|p1b: Dondozo|Protect|p1b: Dondozo\n|-singleturn|p1b: Dondozo|Protect\n|move|p1a: Quaquaval|Close Combat|p2a: Rillaboom\n|-crit|p2a: Rillaboom\n|-damage|p2a: Rillaboom|6/100\n|-unboost|p1a: Quaquaval|def|1\n|-unboost|p1a: Quaquaval|spd|1\n|-enditem|p1a: Quaquaval|White Herb\n|-clearnegativeboost|p1a: Quaquaval|[silent]\n|move|p2a: Rillaboom|Bullet Seed|p1b: Dondozo\n|-activate|p1b: Dondozo|move: Protect\n|\n|-weather|RainDance|[upkeep]\n|-heal|p2a: Rillaboom|12/100|[from] Grassy Terrain\n|upkeep\n|turn|2\n|inactive|Badteamonpaper has 30 seconds left.\n|inactive|Kpxbrothers has 30 seconds left.\n|\n|t:|1735748590\n|switch|p1b: Volcarona|Volcarona, L50, F, shiny|100/100\n|move|p1a: Quaquaval|Acrobatics|p2a: Rillaboom\n|-supereffective|p2a: Rillaboom\n|-damage|p2a: Rillaboom|0 fnt\n|faint|p2a: Rillaboom\n|-ability|p1a: Quaquaval|Moxie|boost\n|-boost|p1a: Quaquaval|atk|1\n|move|p2b: Pelipper|Tailwind|p2b: Pelipper\n|-sidestart|p2: Kpxbrothers|move: Tailwind\n|\n|-weather|RainDance|[upkeep]\n|upkeep\n|\n|t:|1735748602\n|switch|p2a: Basculegion|Basculegion, L50, M|100/100\n|turn|3\n|\n|t:|1735748616\n|move|p2a: Basculegion|Wave Crash|p1b: Volcarona\n|-supereffective|p1b: Volcarona\n|-damage|p1b: Volcarona|0 fnt\n|-status|p2a: Basculegion|brn|[from] ability: Flame Body|[of] p1b: Volcarona\n|faint|p1b: Volcarona\n|-damage|p2a: Basculegion|69/100 brn|[from] Recoil\n|move|p2b: Pelipper|Hurricane|p1a: Quaquaval\n|-damage|p1a: Quaquaval|27/100\n|move|p1a: Quaquaval|Acrobatics|p2a: Basculegion\n|-damage|p2a: Basculegion|0 fnt\n|faint|p2a: Basculegion\n|-ability|p1a: Quaquaval|Moxie|boost\n|-boost|p1a: Quaquaval|atk|1\n|\n|-weather|RainDance|[upkeep]\n|upkeep\n|\n|t:|1735748637\n|switch|p2a: Archaludon|Archaludon, L50, M|100/100\n|switch|p1b: Dondozo|Dondozo, L50, M, shiny|100/100\n|turn|4\n|\n|t:|1735748661\n|switch|p1a: Tatsugiri|Tatsugiri, L50, F, shiny|100/100\n|-activate|p1a: Tatsugiri|ability: Commander|[of] p1b: Dondozo\n|-boost|p1b: Dondozo|atk|2\n|-boost|p1b: Dondozo|spa|2\n|-boost|p1b: Dondozo|spe|2\n|-boost|p1b: Dondozo|def|2\n|-boost|p1b: Dondozo|spd|2\n|move|p2a: Archaludon|Electro Shot||[still]\n|-prepare|p2a: Archaludon|Electro Shot\n|-boost|p2a: Archaludon|spa|1\n|-anim|p2a: Archaludon|Electro Shot|p1b: Dondozo\n|-supereffective|p1b: Dondozo\n|-damage|p1b: Dondozo|66/100\n|move|p2b: Pelipper|Hurricane|p1a: Tatsugiri|[miss]\n|-miss|p2b: Pelipper|p1a: Tatsugiri\n|move|p1b: Dondozo|Earthquake|p2b: Pelipper|[spread] p2a\n|-miss|p1b: Dondozo|p1a: Tatsugiri\n|-immune|p2b: Pelipper\n|-supereffective|p2a: Archaludon\n|-damage|p2a: Archaludon|67/100\n|-ability|p2a: Archaludon|Stamina|boost\n|-boost|p2a: Archaludon|def|1\n|\n|-weather|RainDance|[upkeep]\n|-heal|p2a: Archaludon|74/100|[from] Grassy Terrain\n|-heal|p1b: Dondozo|72/100|[from] Grassy Terrain\n|-heal|p1b: Dondozo|78/100|[from] item: Leftovers\n|upkeep\n|turn|5\n|inactive|Badteamonpaper has 30 seconds left.\n|inactive|Kpxbrothers has 30 seconds left.\n|\n|t:|1735748696\n|move|p2a: Archaludon|Electro Shot||[still]\n|-prepare|p2a: Archaludon|Electro Shot\n|-boost|p2a: Archaludon|spa|1\n|-anim|p2a: Archaludon|Electro Shot|p1b: Dondozo\n|-supereffective|p1b: Dondozo\n|-damage|p1b: Dondozo|44/100\n|move|p2b: Pelipper|Hurricane|p1b: Dondozo\n|-damage|p1b: Dondozo|21/100\n|move|p1b: Dondozo|Order Up|p2b: Pelipper\n|-damage|p2b: Pelipper|33/100\n|-boost|p1b: Dondozo|atk|1\n|\n|-weather|none\n|-heal|p2a: Archaludon|80/100|[from] Grassy Terrain\n|-heal|p1b: Dondozo|27/100|[from] Grassy Terrain\n|-heal|p1b: Dondozo|33/100|[from] item: Leftovers\n|-sideend|p2: Kpxbrothers|move: Tailwind\n|-fieldend|move: Grassy Terrain\n|upkeep\n|turn|6\n|inactive|Badteamonpaper has 30 seconds left.\n|inactive|Kpxbrothers has 30 seconds left.\n|\n|t:|1735748724\n|move|p2a: Archaludon|Flash Cannon|p1b: Dondozo\n|-resisted|p1b: Dondozo\n|-damage|p1b: Dondozo|25/100\n|move|p2b: Pelipper|Tailwind|p2b: Pelipper\n|-sidestart|p2: Kpxbrothers|move: Tailwind\n|move|p1b: Dondozo|Order Up|p2b: Pelipper\n|-damage|p2b: Pelipper|0 fnt\n|faint|p2b: Pelipper\n|-boost|p1b: Dondozo|atk|1\n|\n|-heal|p1b: Dondozo|31/100|[from] item: Leftovers\n|upkeep\n|turn|7\n|\n|t:|1735748742\n|move|p1b: Dondozo|Protect|p1b: Dondozo\n|-singleturn|p1b: Dondozo|Protect\n|move|p2a: Archaludon|Electro Shot||[still]\n|-prepare|p2a: Archaludon|Electro Shot\n|-boost|p2a: Archaludon|spa|1\n|\n|-heal|p1b: Dondozo|37/100|[from] item: Leftovers\n|upkeep\n|turn|8\n|\n|t:|1735748753\n|move|p2a: Archaludon|Electro Shot|p1b: Dondozo|[from]lockedmove\n|-supereffective|p1b: Dondozo\n|-damage|p1b: Dondozo|5/100\n|move|p1b: Dondozo|Earthquake|p2a: Archaludon|[spread] p2a\n|-miss|p1b: Dondozo|p1a: Tatsugiri\n|-supereffective|p2a: Archaludon\n|-damage|p2a: Archaludon|0 fnt\n|faint|p2a: Archaludon\n|\n|win|Badteamonpaper\n|raw|Badteamonpaper's rating: 1332 &rarr; <strong>1357</strong><br />(+25 for winning)\n|raw|Kpxbrothers's rating: 1430 &rarr; <strong>1405</strong><br />(-25 for losing)\n|l|\u2606Badteamonpaper\n|player|p1|\n|l|\u2606Kpxbrothers\n|player|p2|\n",
  "uploadtime": 1735749166,
  "views": 128,
  "formatid": "gen9vgc2024regh",
  "rating": 1357,
  "private": 0,
  "password": null
}