{
  "id": "gen9vgc2024regh-2273147823",
  "format": "[Gen 9] VGC 2024 Reg H",
  "players": [
    "NewBalance",
    "sortilum"
  ],
  "log": "|j|\u2606NewBalance\n|j|\u2606sortilum\n|t:|1735740484\n|gametype|doubles\n|player|p1|NewBalance|265|1292\n|player|p2|sortilum|170|1130\n|teamsize|p1|6\n|teamsize|p2|6\n|gen|9\n|tier|[Gen 9] VGC 2024 Reg H\n|rated|\n|rule|Species Clause: Limit one of each Pok\u00e9mon\n|rule|Item Clause: Limit 1 of each item\n|clearpoke\n|poke|p1|Weezing, L50, F|\n|poke|p1|Toedscruel, L50, F|\n|poke|p1|Incineroar, L50, F|\n|poke|p1|Dragapult, L50, M|\n|poke|p1|Palafin, L50, M|\n|poke|p1|Kilowattrel, L50, M|\n|poke|p2|Annihilape, L50, F|\n|poke|p2|Milotic, L50, M|\n|poke|p2|Wyrdeer, L50, M|\n|poke|p2|Indeedee-F, L50, F|\n|poke|p2|Bastiodon, L50, M|\n|poke|p2|Gothitelle, L50, M|\n|teampreview|4\n|inactive|Battle timer is ON: inactive players will automatically lose when time's up. (requested by sortilum)\n|\n|t:|1735740518\n|start\n|switch|p1a: Weezing|Weezing, L50, F|100/100\n|switch|p1b: Dragapult|Dragapult, L50, M|100/100\n|switch|p2a: Annihilape|Annihilape, L50, F|100/100\n|switch|p2b: Milotic|Milotic, L50, M|100/100\n|-ability|p1a: Weezing|Neutralizing Gas\n|turn|1\n|inactive|sortilum has 30 seconds left.\n|inactive|sortilum has 20 seconds left.\n|inactive|sortilum has 15 seconds left.\n|inactive|NewBalance has 30 seconds left.\n|inactive|sortilum has 10 seconds left.\n|\n|t:|1735740567\n|-terastallize|p1b: Dragapult|Dragon\n|-terastallize|p2b: Milotic|Steel\n|move|p1a: Weezing|Protect|p1a: Weezing\n|-singleturn|p1a: Weezing|Protect\n|move|p2a: Annihilape|Final Gambit|p1a: Weezing\n|-activate|p1a: Weezing|move: Protect\n|move|p1b: Dragapult|Dragon Darts|p2a: Annihilape\n|-damage|p2a: Annihilape|44/100\n|-anim|p1b: Dragapult|Dragon Darts|p2b: Milotic\n|-resisted|p2b: Milotic\n|-damage|p2b: Milotic|72/100\n|move|p2b: Milotic|Coil|p2b: Milotic\n|-boost|p2b: Milotic|atk|1\n|-boost|p2b: Milotic|def|1\n|-boost|p2b: Milotic|accuracy|1\n|\n|-heal|p2b: Milotic|78/100|[from] item: Leftovers\n|upkeep\n|turn|2\n|j| StoopyLoopy\n|\n|t:|1735740585\n|switch|p2a: Indeedee|Indeedee-F, L50, F|100/100\n|move|p1b: Dragapult|Dragon Darts|p2a: Indeedee\n|-damage|p2a: Indeedee|39/100\n|-anim|p1b: Dragapult|Dragon Darts|p2b: Milotic\n|-resisted|p2b: Milotic\n|-damage|p2b: Milotic|59/100\n|move|p2b: Milotic|Coil|p2b: Milotic\n|-boost|p2b: Milotic|atk|1\n|-boost|p2b: Milotic|def|1\n|-boost|p2b: Milotic|accuracy|1\n|move|p1a: Weezing|Taunt|p2b: Milotic\n|-start|p2b: Milotic|move: Taunt\n|\n|-heal|p2b: Milotic|65/100|[from] item: Leftovers\n|upkeep\n|turn|3\n|\n|t:|1735740597\n|move|p2a: Indeedee|Follow Me|p2a: Indeedee\n|-singleturn|p2a: Indeedee|move: Follow Me\n|move|p1b: Dragapult|Dragon Darts|p2a: Indeedee\n|-damage|p2a: Indeedee|0 fnt\n|faint|p2a: Indeedee\n|move|p2b: Milotic|Muddy Water|p1b: Dragapult|[spread] p1a,p1b\n|-resisted|p1b: Dragapult\n|-damage|p1a: Weezing|71/100\n|-damage|p1b: Dragapult|83/100\n|move|p1a: Weezing|Will-O-Wisp|p2b: Milotic\n|-status|p2b: Milotic|brn\n|\n|-heal|p2b: Milotic|71/100 brn|[from] item: Leftovers\n|-damage|p2b: Milotic|65/100 brn|[from] brn\n|upkeep\n|\n|t:|1735740614\n|switch|p2a: Annihilape|Annihilape, L50, F|44/100\n|turn|4\n|inactive|NewBalance has 30 seconds left.\n|\n|t:|1735740640\n|switch|p1b: Incineroar|Incineroar, L50, F|100/100\n|-ability|p1b: Incineroar|Intimidate|boost\n|-unboost|p2a: Annihilape|atk|1\n|-unboost|p2b: Milotic|atk|1\n|move|p2a: Annihilape|Drain Punch|p1b: Incineroar\n|-supereffective|p1b: Incineroar\n|-damage|p1b: Incineroar|62/100\n|-heal|p2a: Annihilape|62/100|[from] drain|[of] p1b: Incineroar\n|move|p2b: Milotic|Muddy Water|p1a: Weezing|[spread] p1a,p1b\n|-supereffective|p1b: Incineroar\n|-damage|p1a: Weezing|41/100\n|-damage|p1b: Incineroar|17/100\n|-enditem|p1a: Weezing|Sitrus Berry|[eat]\n|-heal|p1a: Weezing|66/100|[from] item: Sitrus Berry\n|move|p1a: Weezing|Will-O-Wisp|p2a: Annihilape\n|-status|p2a: Annihilape|brn\n|\n|-heal|p2b: Milotic|71/100 brn|[from] item: Leftovers\n|-damage|p2a: Annihilape|56/100 brn|[from] brn\n|-damage|p2b: Milotic|65/100 brn|[from] brn\n|upkeep\n|turn|5\n|inactive|NewBalance has 30 seconds left.\n|\n|t:|1735740674\n|switch|p1b: Dragapult|Dragapult, L50, M, tera:Dragon|83/100\n|move|p1a: Weezing|Protect|p1a: Weezing\n|-singleturn|p1a: Weezing|Protect\n|move|p2a: Annihilape|Drain Punch|p1b: Dragapult\n|-damage|p1b: Dragapult|71/100\n|-heal|p2a: Annihilape|61/100 brn|[from] drain|[of] p1b: Dragapult\n|move|p2b: Milotic|Muddy Water|p1b: Dragapult|[spread] p1b\n|-activate|p1a: Weezing|move: Protect\n|-resisted|p1b: Dragapult\n|-damage|p1b: Dragapult|55/100\n|\n|-heal|p2b: Milotic|71/100 brn|[from] item: Leftovers\n|-damage|p2a: Annihilape|55/100 brn|[from] brn\n|-damage|p2b: Milotic|65/100 brn|[from] brn\n|-end|p2b: Milotic|move: Taunt\n|upkeep\n|turn|6\n|inactive|NewBalance has 30 seconds left.\n|\n|t:|1735740701\n|move|p2a: Annihilape|Drain Punch|p1b: Dragapult\n|-damage|p1b: Dragapult|43/100\n|-heal|p2a: Annihilape|60/100 brn|[from] drain|[of] p1b: Dragapult\n|move|p1b: Dragapult|U-turn|p2a: Annihilape\n|-resisted|p2a: Annihilape\n|-damage|p2a: Annihilape|52/100 brn\n|\n|t:|1735740707\n|switch|p1b: Toedscruel|Toedscruel, L50, F|100/100|[from] U-turn\n|move|p2b: Milotic|Muddy Water|p1a: Weezing|[spread] p1a,p1b\n|-crit|p1a: Weezing\n|-crit|p1b: Toedscruel\n|-damage|p1a: Weezing|23/100\n|-damage|p1b: Toedscruel|68/100\n|-unboost|p1a: Weezing|accuracy|1\n|move|p1a: Weezing|Taunt|p2b: Milotic\n|-start|p2b: Milotic|move: Taunt\n|\n|-heal|p2b: Milotic|71/100 brn|[from] item: Leftovers\n|-damage|p2a: Annihilape|46/100 brn|[from] brn\n|-damage|p2b: Milotic|65/100 brn|[from] brn\n|upkeep\n|turn|7\n|\n|t:|1735740726\n|-end|p1a: Weezing|ability: Neutralizing Gas\n|switch|p1a: Dragapult|Dragapult, L50, M, tera:Dragon|43/100\n|move|p2a: Annihilape|Drain Punch|p1b: Toedscruel\n|-damage|p1b: Toedscruel|53/100\n|-heal|p2a: Annihilape|51/100 brn|[from] drain|[of] p1b: Toedscruel\n|move|p1b: Toedscruel|Earth Power|p2b: Milotic\n|-supereffective|p2b: Milotic\n|-damage|p2b: Milotic|18/100 brn\n|-damage|p1b: Toedscruel|43/100|[from] item: Life Orb\n|move|p2b: Milotic|Muddy Water|p1a: Dragapult|[spread] p1a,p1b\n|-resisted|p1a: Dragapult\n|-damage|p1a: Dragapult|28/100\n|-damage|p1b: Toedscruel|20/100\n|\n|-heal|p2b: Milotic|24/100 brn|[from] item: Leftovers\n|-damage|p2a: Annihilape|45/100 brn|[from] brn\n|-damage|p2b: Milotic|18/100 brn|[from] brn\n|upkeep\n|turn|8\n|\n|t:|1735740748\n|switch|p2a: Wyrdeer|Wyrdeer, L50, M|100/100\n|-ability|p2a: Wyrdeer|Intimidate|boost\n|-fail|p1a: Dragapult|unboost|[from] ability: Clear Body|[of] p1a: Dragapult\n|-unboost|p1b: Toedscruel|atk|1\n|move|p1a: Dragapult|Dragon Darts|p2a: Wyrdeer\n|-damage|p2a: Wyrdeer|48/100\n|-anim|p1a: Dragapult|Dragon Darts|p2b: Milotic\n|-resisted|p2b: Milotic\n|-damage|p2b: Milotic|2/100 brn\n|move|p1b: Toedscruel|Earth Power|p2b: Milotic\n|-supereffective|p2b: Milotic\n|-damage|p2b: Milotic|0 fnt\n|faint|p2b: Milotic\n|-damage|p1b: Toedscruel|10/100|[from] item: Life Orb\n|\n|upkeep\n|-message|sortilum forfeited.\n|\n|win|NewBalance\n|raw|NewBalance's rating: 1292 &rarr; <strong>1306</strong><br />(+14 for winning)\n|raw|sortilum's rating: 1130 &rarr; <strong>1116</strong><br />(-14 for losing)\n|l|\u2606sortilum\n|player|p2|\n|l|\u2606NewBalance\n|player|p1|\n|l| StoopyLoopy\n",
  "uploadtime": 1735741136,
  "views": 24,
  "formatid": "gen9vgc2024regh",
  "rating": 1116,
  "private": 0,
  "password": null
}