{
  "id": "gen9vgc2024regh-2273160028",
  "format": "[Gen 9] VGC 2024 Reg H",
  "players": [
    "sean_Choi123",
    "tvini25"
  ],
  "log": "|j|\u2606sean_Choi123\n|j|\u2606tvini25\n|t:|1735742691\n|gametype|doubles\n|player|p1|sean_Choi123|lucas|1501\n|player|p2|tvini25|170|1523\n|teamsize|p1|6\n|teamsize|p2|6\n|gen|9\n|tier|[Gen 9] VGC 2024 Reg H\n|rated|\n|rule|Species Clause: Limit one of each Pok\u00e9mon\n|rule|Item Clause: Limit 1 of each item\n|clearpoke\n|poke|p1|Typhlosion, L50, M|\n|poke|p1|Gholdengo, L50|\n|poke|p1|Whimsicott, L50, M|\n|poke|p1|Incineroar, L50, M|\n|poke|p1|Rillaboom, L50, F|\n|poke|p1|Annihilape, L50, M|\n|poke|p2|Corviknight, L50, F|\n|poke|p2|Incineroar, L50, M|\n|poke|p2|Sinistcha, L50|\n|poke|p2|Annihilape, L50, F|\n|poke|p2|Ninetales-Alola, L50, F|\n|poke|p2|Hydreigon, L50, F|\n|teampreview|4\n|inactive|Battle timer is ON: inactive players will automatically lose when time's up. (requested by tvini25)\n|inactive|sean_Choi123 has 60 seconds left.\n|\n|t:|1735742777\n|start\n|switch|p1a: Typhlosion|Typhlosion, L50, M|100/100\n|switch|p1b: Annihilape|Annihilape, L50, M|100/100\n|switch|p2a: Corviknight|Corviknight, L50, F|100/100\n|switch|p2b: Hydreigon|Hydreigon, L50, F|100/100\n|turn|1\n|inactive|sean_Choi123 has 30 seconds left.\n|\n|t:|1735742809\n|-terastallize|p2a: Corviknight|Dragon\n|move|p1a: Typhlosion|Protect|p1a: Typhlosion\n|-singleturn|p1a: Typhlosion|Protect\n|move|p2b: Hydreigon|Earth Power|p1a: Typhlosion\n|-activate|p1a: Typhlosion|move: Protect\n|move|p1b: Annihilape|Close Combat|p2b: Hydreigon\n|-supereffective|p2b: Hydreigon\n|-damage|p2b: Hydreigon|0 fnt\n|-unboost|p1b: Annihilape|def|1\n|-unboost|p1b: Annihilape|spd|1\n|faint|p2b: Hydreigon\n|move|p2a: Corviknight|Brave Bird|p1b: Annihilape\n|-supereffective|p1b: Annihilape\n|-damage|p1b: Annihilape|0 fnt\n|faint|p1b: Annihilape\n|-damage|p2a: Corviknight|67/100|[from] Recoil\n|\n|upkeep\n|\n|t:|1735742826\n|switch|p2b: Incineroar|Incineroar, L50, M|100/100\n|switch|p1b: Whimsicott|Whimsicott, L50, M|100/100\n|-ability|p2b: Incineroar|Intimidate|boost\n|-unboost|p1a: Typhlosion|atk|1\n|-unboost|p1b: Whimsicott|atk|1\n|turn|2\n|\n|t:|1735742851\n|switch|p1a: Gholdengo|Gholdengo, L50|100/100\n|move|p2b: Incineroar|Fake Out|p1a: Gholdengo\n|-immune|p1a: Gholdengo\n|move|p1b: Whimsicott|Moonblast|p2a: Corviknight\n|-supereffective|p2a: Corviknight\n|-damage|p2a: Corviknight|0 fnt\n|faint|p2a: Corviknight\n|\n|upkeep\n|\n|t:|1735742859\n|switch|p2a: Annihilape|Annihilape, L50, F|100/100\n|turn|3\n|\n|t:|1735742873\n|-terastallize|p1a: Gholdengo|Flying\n|move|p1b: Whimsicott|Moonblast|p2a: Annihilape\n|-supereffective|p2a: Annihilape\n|-damage|p2a: Annihilape|46/100\n|move|p2a: Annihilape|Rage Fist|p1a: Gholdengo\n|-damage|p1a: Gholdengo|63/100\n|move|p1a: Gholdengo|Nasty Plot|p1a: Gholdengo\n|-boost|p1a: Gholdengo|spa|2\n|move|p2b: Incineroar|Flare Blitz|p1b: Whimsicott\n|-supereffective|p1b: Whimsicott\n|-enditem|p1b: Whimsicott|Focus Sash\n|-damage|p1b: Whimsicott|1/100\n|-damage|p2b: Incineroar|79/100|[from] Recoil\n|\n|-heal|p2a: Annihilape|52/100|[from] item: Leftovers\n|-heal|p1a: Gholdengo|70/100|[from] item: Leftovers\n|upkeep\n|turn|4\n|inactive|sean_Choi123 has 30 seconds left.\n|inactive|tvini25 has 30 seconds left.\n|\n|t:|1735742904\n|move|p2a: Annihilape|Protect|p2a: Annihilape\n|-singleturn|p2a: Annihilape|Protect\n|move|p1b: Whimsicott|Moonblast|p2a: Annihilape\n|-activate|p2a: Annihilape|move: Protect\n|move|p1a: Gholdengo|Make It Rain|p2a: Annihilape|[spread] p2b\n|-activate|p2a: Annihilape|move: Protect\n|-resisted|p2b: Incineroar\n|-damage|p2b: Incineroar|33/100\n|-unboost|p1a: Gholdengo|spa|1\n|-enditem|p2b: Incineroar|Sitrus Berry|[eat]\n|-heal|p2b: Incineroar|57/100|[from] item: Sitrus Berry\n|move|p2b: Incineroar|Flare Blitz|p1a: Gholdengo\n|-damage|p1a: Gholdengo|11/100\n|-damage|p2b: Incineroar|39/100|[from] Recoil\n|\n|-heal|p2a: Annihilape|58/100|[from] item: Leftovers\n|-heal|p1a: Gholdengo|17/100|[from] item: Leftovers\n|upkeep\n|turn|5\n|inactive|tvini25 has 30 seconds left.\n|\n|t:|1735742933\n|move|p1b: Whimsicott|Moonblast|p2a: Annihilape\n|-supereffective|p2a: Annihilape\n|-damage|p2a: Annihilape|0 fnt\n|faint|p2a: Annihilape\n|move|p1a: Gholdengo|Make It Rain|p2b: Incineroar\n|-resisted|p2b: Incineroar\n|-damage|p2b: Incineroar|0 fnt\n|-unboost|p1a: Gholdengo|spa|1\n|faint|p2b: Incineroar\n|\n|win|sean_Choi123\n|raw|sean_Choi123's rating: 1501 &rarr; <strong>1522</strong><br />(+21 for winning)\n|raw|tvini25's rating: 1523 &rarr; <strong>1502</strong><br />(-21 for losing)\n|l|\u2606tvini25\n|player|p2|\n|l|\u2606sean_Choi123\n|player|p1|\n",
  "uploadtime": 1735743074,
  "views": 135,
  "formatid": "gen9vgc2024regh",
  "rating": 1502,
  "private": 0,
  "password": null
}