{
  "id": "gen9vgc2024regh-2273116502",
  "format": "[Gen 9] VGC 2024 Reg H",
  "players": [
    "Naman_Boss 1234",
    "joergdienase"
  ],
  "log": "|j|\u2606Naman_Boss 1234\n|j|\u2606joergdienase\n|t:|1735733941\n|gametype|doubles\n|player|p1|Naman_Boss 1234|lucas|1131\n|player|p2|joergdienase|101|1309\n|teamsize|p1|6\n|teamsize|p2|6\n|gen|9\n|tier|[Gen 9] VGC 2024 Reg H\n|rated|\n|rule|Species Clause: Limit one of each Pok\u00e9mon\n|rule|Item Clause: Limit 1 of each item\n|clearpoke\n|poke|p1|Typhlosion-Hisui, L50, M|\n|poke|p1|Murkrow, L50, F|\n|poke|p1|Amoonguss, L50, M|\n|poke|p1|Archaludon, L50, M|\n|poke|p1|Sneasler, L50, F|\n|poke|p1|Dragonite, L50, F|\n|poke|p2|Smeargle, L50, M|\n|poke|p2|Bellossom, L50, M|\n|poke|p2|Armarouge, L50, F|\n|poke|p2|Forretress, L50, M|\n|poke|p2|Ursaluna, L50, F|\n|poke|p2|Magnezone, L50|\n|teampreview|4\n|\n|t:|1735733969\n|start\n|switch|p1a: Murkrow|Murkrow, L50, F|100/100\n|switch|p1b: Typhlosion|Typhlosion-Hisui, L50, M|100/100\n|switch|p2a: Smeargle|Smeargle, L50, M|100/100\n|switch|p2b: Bellossom|Bellossom, L50, M|100/100\n|turn|1\n|\n|t:|1735733988\n|switch|p2b: Armarouge|Armarouge, L50, F|100/100\n|-terastallize|p1b: Typhlosion|Fire\n|move|p2a: Smeargle|Burning Bulwark|p2a: Smeargle\n|-singleturn|p2a: Smeargle|move: Protect\n|move|p1a: Murkrow|Taunt|p2a: Smeargle\n|-start|p2a: Smeargle|move: Taunt\n|move|p1b: Typhlosion|Eruption|p2a: Smeargle|[spread] \n|-activate|p2a: Smeargle|move: Protect\n|-start|p2b: Armarouge|ability: Flash Fire\n|\n|-ability|p2a: Smeargle|Moody|boost\n|-boost|p2a: Smeargle|def|2\n|-unboost|p2a: Smeargle|spd|1\n|upkeep\n|turn|2\n|\n|t:|1735734026\n|switch|p1b: Public Enemy|Sneasler, L50, F|100/100\n|move|p1a: Murkrow|Haze|p1a: Murkrow\n|-clearallboost\n|move|p2a: Smeargle|Salt Cure|p1b: Public Enemy\n|-resisted|p1b: Public Enemy\n|-damage|p1b: Public Enemy|98/100\n|-start|p1b: Public Enemy|Salt Cure\n|move|p2b: Armarouge|Expanding Force|p1b: Public Enemy\n|-supereffective|p1b: Public Enemy\n|-damage|p1b: Public Enemy|0 fnt\n|faint|p1b: Public Enemy\n|-damage|p2b: Armarouge|91/100|[from] item: Life Orb\n|\n|-ability|p2a: Smeargle|Moody|boost\n|-boost|p2a: Smeargle|spa|2\n|-unboost|p2a: Smeargle|spd|1\n|upkeep\n|\n|t:|1735734043\n|switch|p1b: Amoonguss|Amoonguss, L50, M|100/100\n|turn|3\n|\n|t:|1735734065\n|-terastallize|p2b: Armarouge|Fighting\n|move|p1a: Murkrow|Haze|p1a: Murkrow\n|-clearallboost\n|move|p2a: Smeargle|Salt Cure|p1b: Amoonguss\n|-damage|p1b: Amoonguss|96/100\n|-start|p1b: Amoonguss|Salt Cure\n|move|p2b: Armarouge|Aura Sphere|p1b: Amoonguss\n|-resisted|p1b: Amoonguss\n|-damage|p1b: Amoonguss|77/100\n|-damage|p2b: Armarouge|81/100|[from] item: Life Orb\n|move|p1b: Amoonguss|Spore|p2b: Armarouge\n|-status|p2b: Armarouge|slp|[from] move: Spore\n|\n|-heal|p1b: Amoonguss|83/100|[from] item: Leftovers\n|-damage|p1b: Amoonguss|71/100|[from] Salt Cure\n|-ability|p2a: Smeargle|Moody|boost\n|-boost|p2a: Smeargle|spd|2\n|-unboost|p2a: Smeargle|spa|1\n|upkeep\n|turn|4\n|\n|t:|1735734090\n|switch|p2a: Bellossom|Bellossom, L50, M|100/100\n|switch|p1b: Typhlosion|Typhlosion-Hisui, L50, M, tera:Fire|100/100\n|move|p1a: Murkrow|Tailwind|p1a: Murkrow\n|-sidestart|p1: Naman_Boss 1234|move: Tailwind\n|cant|p2b: Armarouge|slp\n|\n|-activate|p2a: Bellossom|ability: Healer\n|-curestatus|p2b: Armarouge|slp|[msg]\n|upkeep\n|turn|5\n|\n|t:|1735734117\n|move|p2a: Bellossom|Protect|p2a: Bellossom\n|-singleturn|p2a: Bellossom|Protect\n|move|p1a: Murkrow|Taunt|p2a: Bellossom\n|-activate|p2a: Bellossom|move: Protect\n|move|p1b: Typhlosion|Shadow Ball|p2a: Bellossom\n|-activate|p2a: Bellossom|move: Protect\n|move|p2b: Armarouge|Expanding Force|p1b: Typhlosion\n|-damage|p1b: Typhlosion|22/100\n|-damage|p2b: Armarouge|71/100|[from] item: Life Orb\n|\n|upkeep\n|turn|6\n|\n|t:|1735734142\n|switch|p2a: Ursaluna|Ursaluna, L50, F|100/100\n|move|p1a: Murkrow|Haze|p1a: Murkrow\n|-clearallboost\n|move|p1b: Typhlosion|Shadow Ball|p2b: Armarouge\n|-damage|p2b: Armarouge|29/100\n|-unboost|p2b: Armarouge|spd|1\n|move|p2b: Armarouge|Armor Cannon|p1b: Typhlosion\n|-resisted|p1b: Typhlosion\n|-damage|p1b: Typhlosion|0 fnt\n|-unboost|p2b: Armarouge|def|1\n|-unboost|p2b: Armarouge|spd|1\n|faint|p1b: Typhlosion\n|-damage|p2b: Armarouge|19/100|[from] item: Life Orb\n|\n|-status|p2a: Ursaluna|brn|[from] item: Flame Orb\n|upkeep\n|\n|t:|1735734159\n|switch|p1b: Amoonguss|Amoonguss, L50, M|100/100\n|turn|7\n|\n|t:|1735734175\n|move|p2b: Armarouge|Protect|p2b: Armarouge\n|-singleturn|p2b: Armarouge|Protect\n|move|p1a: Murkrow|Taunt|p2b: Armarouge\n|-activate|p2b: Armarouge|move: Protect\n|move|p1b: Amoonguss|Pollen Puff|p2b: Armarouge\n|-activate|p2b: Armarouge|move: Protect\n|move|p2a: Ursaluna|Stomping Tantrum|p1b: Amoonguss\n|-damage|p1b: Amoonguss|23/100\n|\n|-heal|p1b: Amoonguss|29/100|[from] item: Leftovers\n|-damage|p2a: Ursaluna|94/100 brn|[from] brn\n|-sideend|p1: Naman_Boss 1234|move: Tailwind\n|upkeep\n|turn|8\n|-message|Naman_Boss 1234 forfeited.\n|\n|win|joergdienase\n|raw|Naman_Boss 1234's rating: 1131 &rarr; <strong>1118</strong><br />(-13 for losing)\n|raw|joergdienase's rating: 1309 &rarr; <strong>1320</strong><br />(+11 for winning)\n|l|\u2606Naman_Boss 1234\n|player|p1|\n|l|\u2606joergdienase\n|player|p2|\n",
  "uploadtime": 1735734477,
  "views": 16,
  "formatid": "gen9vgc2024regh",
  "rating": 1118,
  "private": 0,
  "password": null
}