{
  "id": "gen9vgc2024regh-2273104884",
  "format": "[Gen 9] VGC 2024 Reg H",
  "players": [
    "bananaofthecosmos",
    "JakobDabOZo"
  ],
  "log": "|j|\u2606bananaofthecosmos\n|j|\u2606JakobDabOZo\n|t:|1735731166\n|gametype|doubles\n|player|p1|bananaofthecosmos|red|1058\n|player|p2|JakobDabOZo|gladion|1074\n|teamsize|p1|4\n|teamsize|p2|6\n|gen|9\n|tier|[Gen 9] VGC 2024 Reg H\n|rated|\n|rule|Species Clause: Limit one of each Pok\u00e9mon\n|rule|Item Clause: Limit 1 of each item\n|clearpoke\n|poke|p1|Empoleon, L50, M|\n|poke|p1|Sceptile, L50, F|\n|poke|p1|Armarouge, L50, M|\n|poke|p1|Ditto, L50|\n|poke|p2|Ivysaur, L50, M|\n|poke|p2|Dragonite, L50, M|\n|poke|p2|Garchomp, L50, F|\n|poke|p2|Gardevoir, L50, F|\n|poke|p2|Tyranitar, L50, M|\n|poke|p2|Greninja-*, L50, M|\n|teampreview|4\n|inactive|Battle timer is ON: inactive players will automatically lose when time's up. (requested by JakobDabOZo)\nJakobDabOZo has agreed to open team sheets.\n|\n|t:|1735731190\n|start\n|switch|p1a: Empoleon|Empoleon, L50, M|100/100\n|switch|p1b: Sceptile|Sceptile, L50, F|100/100\n|switch|p2a: Ivysaur|Ivysaur, L50, M|100/100\n|switch|p2b: Greninja|Greninja, L50, M|100/100\n|turn|1\n|\n|t:|1735731204\n|move|p2b: Greninja|Ice Beam|p1b: Sceptile\n|-start|p2b: Greninja|typechange|Ice|[from] ability: Protean\n|-supereffective|p1b: Sceptile\n|-damage|p1b: Sceptile|30/100\n|move|p1b: Sceptile|Grass Pledge|p2b: Greninja\n|-waiting|p1b: Sceptile|p1a: Empoleon\n|move|p1a: Empoleon|Water Pledge|p2b: Greninja|[from]move: Grass Pledge\n|-combine\n|-damage|p2b: Greninja|0 fnt\n|-sidestart|p2: JakobDabOZo|Grass Pledge\n|faint|p2b: Greninja\n|move|p2a: Ivysaur|Grassy Glide|p2: Greninja|[notarget]\n|-fail|p2a: Ivysaur\n|\n|upkeep\n|\n|t:|1735731218\n|switch|p2b: Dragonite|Dragonite, L50, M|100/100\n|turn|2\n|\n|t:|1735731229\n|-terastallize|p1a: Empoleon|Water\n|move|p1b: Sceptile|Grass Pledge|p2b: Dragonite\n|-waiting|p1b: Sceptile|p1a: Empoleon\n|move|p1a: Empoleon|Water Pledge|p2b: Dragonite|[from]move: Grass Pledge\n|-combine\n|-resisted|p2b: Dragonite\n|-damage|p2b: Dragonite|89/100\n|move|p2b: Dragonite|Dragon Dance|p2b: Dragonite\n|-boost|p2b: Dragonite|atk|1\n|-boost|p2b: Dragonite|spe|1\n|move|p2a: Ivysaur|Leech Seed|p1a: Empoleon\n|-start|p1a: Empoleon|move: Leech Seed\n|\n|-damage|p1a: Empoleon|89/100|[from] Leech Seed|[of] p2a: Ivysaur\n|upkeep\n|turn|3\n|\n|t:|1735731245\n|move|p2a: Ivysaur|Protect|p2a: Ivysaur\n|-singleturn|p2a: Ivysaur|Protect\n|move|p1b: Sceptile|Dragon Pulse|p2b: Dragonite\n|-supereffective|p2b: Dragonite\n|-damage|p2b: Dragonite|38/100\n|move|p1a: Empoleon|Water Pledge|p2b: Dragonite\n|-resisted|p2b: Dragonite\n|-damage|p2b: Dragonite|0 fnt\n|faint|p2b: Dragonite\n|\n|-damage|p1a: Empoleon|77/100|[from] Leech Seed|[of] p2a: Ivysaur\n|upkeep\n|\n|t:|1735731255\n|switch|p2b: Garchomp|Garchomp, L50, F|100/100\n|turn|4\n|\n|t:|1735731266\n|move|p1b: Sceptile|Dragon Pulse|p2b: Garchomp\n|-supereffective|p2b: Garchomp\n|-crit|p2b: Garchomp\n|-damage|p2b: Garchomp|24/100\n|move|p1a: Empoleon|Water Pledge|p2b: Garchomp\n|-damage|p2b: Garchomp|0 fnt\n|faint|p2b: Garchomp\n|move|p2a: Ivysaur|Toxic|p1a: Empoleon\n|-status|p1a: Empoleon|tox\n|\n|-damage|p1a: Empoleon|65/100 tox|[from] Leech Seed|[of] p2a: Ivysaur\n|-damage|p1a: Empoleon|59/100 tox|[from] psn\n|-sideend|p2: JakobDabOZo|Grass Pledge\n|upkeep\n|turn|5\n|\n|t:|1735731283\n|move|p2a: Ivysaur|Protect|p2a: Ivysaur\n|-singleturn|p2a: Ivysaur|Protect\n|move|p1b: Sceptile|Dragon Pulse|p2a: Ivysaur\n|-activate|p2a: Ivysaur|move: Protect\n|move|p1a: Empoleon|Water Pledge|p2a: Ivysaur\n|-activate|p2a: Ivysaur|move: Protect\n|\n|-damage|p1a: Empoleon|47/100 tox|[from] Leech Seed|[of] p2a: Ivysaur\n|-damage|p1a: Empoleon|36/100 tox|[from] psn\n|upkeep\n|turn|6\n|\n|t:|1735731298\n|move|p1b: Sceptile|Dragon Pulse|p2a: Ivysaur\n|-damage|p2a: Ivysaur|84/100\n|move|p1a: Empoleon|Water Pledge|p2a: Ivysaur\n|-resisted|p2a: Ivysaur\n|-crit|p2a: Ivysaur\n|-damage|p2a: Ivysaur|43/100\n|move|p2a: Ivysaur|Toxic|p1b: Sceptile\n|-status|p1b: Sceptile|tox\n|\n|-damage|p1a: Empoleon|24/100 tox|[from] Leech Seed|[of] p2a: Ivysaur\n|-heal|p2a: Ivysaur|55/100|[silent]\n|-damage|p1b: Sceptile|24/100 tox|[from] psn\n|-damage|p1a: Empoleon|7/100 tox|[from] psn\n|upkeep\n|turn|7\n|\n|t:|1735731312\n|move|p2a: Ivysaur|Protect|p2a: Ivysaur\n|-singleturn|p2a: Ivysaur|Protect\n|move|p1b: Sceptile|Dragon Pulse|p2a: Ivysaur\n|-activate|p2a: Ivysaur|move: Protect\n|move|p1a: Empoleon|Water Pledge|p2a: Ivysaur\n|-activate|p2a: Ivysaur|move: Protect\n|\n|-damage|p1a: Empoleon|0 fnt|[from] Leech Seed|[of] p2a: Ivysaur\n|-heal|p2a: Ivysaur|62/100|[silent]\n|faint|p1a: Empoleon\n|-damage|p1b: Sceptile|12/100 tox|[from] psn\n|upkeep\n|\n|t:|1735731325\n|switch|p1a: Armarouge|Armarouge, L50, M|100/100\n|turn|8\n|-message|JakobDabOZo forfeited.\n|\n|win|bananaofthecosmos\n|raw|bananaofthecosmos's rating: 1058 &rarr; <strong>1091</strong><br />(+33 for winning)\n|raw|JakobDabOZo's rating: 1074 &rarr; <strong>1052</strong><br />(-22 for losing)\n|l|\u2606JakobDabOZo\n|player|p2|\n|l|\u2606bananaofthecosmos\n|player|p1|\n",
  "uploadtime": 1735731683,
  "views": 22,
  "formatid": "gen9vgc2024regh",
  "rating": 1052,
  "private": 0,
  "password": null
}