{
  "id": "gen9vgc2024regh-2273224017",
  "format": "[Gen 9] VGC 2024 Reg H",
  "players": [
    "BishopDell",
    "DuoxDG"
  ],
  "log": "|j|\u2606BishopDell\n|j|\u2606DuoxDG\n|t:|1735752389\n|gametype|doubles\n|player|p1|BishopDell|veteran|1127\n|player|p2|DuoxDG|1|1210\n|teamsize|p1|6\n|teamsize|p2|6\n|gen|9\n|tier|[Gen 9] VGC 2024 Reg H\n|rated|\n|rule|Species Clause: Limit one of each Pok\u00e9mon\n|rule|Item Clause: Limit 1 of each item\n|clearpoke\n|poke|p1|Snorlax, L50, F|\n|poke|p1|Gholdengo, L50|\n|poke|p1|Comfey, L50, M|\n|poke|p1|Slowbro, L50, M|\n|poke|p1|Incineroar, L50, M|\n|poke|p1|Dragonite, L50, F|\n|poke|p2|Indeedee-F, L50, F|\n|poke|p2|Volcarona, L50, M|\n|poke|p2|Annihilape, L50, M|\n|poke|p2|Maushold-Four, L50|\n|poke|p2|Araquanid, L50, M|\n|poke|p2|Sinistcha-Masterpiece, L50|\n|teampreview|4\n|inactive|Battle timer is ON: inactive players will automatically lose when time's up. (requested by BishopDell)\n|inactive|BishopDell has 60 seconds left.\n|inactive|BishopDell has 30 seconds left.\n|inactive|BishopDell has 20 seconds left.\n|\n|t:|1735752463\n|start\n|switch|p1a: Snorlax|Snorlax, L50, F|100/100\n|switch|p1b: Slowbro|Slowbro, L50, M|100/100\n|switch|p2a: Annihilape|Annihilape, L50, M|100/100\n|switch|p2b: Maushold|Maushold-Four, L50|100/100\n|turn|1\n|inactive|BishopDell has 30 seconds left.\n|inactive|DuoxDG has 30 seconds left.\n|inactive|DuoxDG has 20 seconds left.\n|inactive|DuoxDG has 15 seconds left.\n|\n|t:|1735752504\n|move|p1a: Snorlax|Protect|p1a: Snorlax\n|-singleturn|p1a: Snorlax|Protect\n|move|p2a: Annihilape|Final Gambit|p1a: Snorlax\n|-activate|p1a: Snorlax|move: Protect\n|move|p2b: Maushold|Tidy Up|p2b: Maushold\n|-boost|p2b: Maushold|atk|1\n|-boost|p2b: Maushold|spe|1\n|move|p1b: Slowbro|Trick Room|p1b: Slowbro\n|-fieldstart|move: Trick Room|[of] p1b: Slowbro\n|\n|upkeep\n|turn|2\n|\n|t:|1735752524\n|switch|p2a: Indeedee|Indeedee-F, L50, F|100/100\n|-fieldstart|move: Psychic Terrain|[from] ability: Psychic Surge|[of] p2a: Indeedee\n|-enditem|p2a: Indeedee|Psychic Seed\n|-boost|p2a: Indeedee|spd|1|[from] item: Psychic Seed\n|-terastallize|p1a: Snorlax|Ground\n|move|p1b: Slowbro|Protect|p1b: Slowbro\n|-singleturn|p1b: Slowbro|Protect\n|move|p1a: Snorlax|Earthquake|p2a: Indeedee|[spread] p2a,p2b\n|-activate|p1b: Slowbro|move: Protect\n|-damage|p2a: Indeedee|71/100\n|-damage|p2b: Maushold|52/100\n|move|p2b: Maushold|Population Bomb|p1b: Slowbro\n|-activate|p1b: Slowbro|move: Protect\n|\n|upkeep\n|turn|3\n|\n|t:|1735752547\n|switch|p1b: Gholdengo|Gholdengo, L50|100/100\n|move|p2a: Indeedee|Helping Hand|p2b: Maushold\n|-singleturn|p2b: Maushold|Helping Hand|[of] p2a: Indeedee\n|move|p1a: Snorlax|Earthquake|p2a: Indeedee|[spread] p1b,p2a,p2b\n|-supereffective|p1b: Gholdengo\n|-damage|p1b: Gholdengo|26/100\n|-damage|p2a: Indeedee|41/100\n|-damage|p2b: Maushold|6/100\n|move|p2b: Maushold|Population Bomb|p1a: Snorlax\n|-damage|p1a: Snorlax|87/100\n|-damage|p1a: Snorlax|71/100\n|-hitcount|p1a: Snorlax|2\n|\n|upkeep\n|turn|4\n|\n|t:|1735752564\n|move|p1b: Gholdengo|Protect|p1b: Gholdengo\n|-singleturn|p1b: Gholdengo|Protect\n|move|p2b: Maushold|Protect|p2b: Maushold\n|-singleturn|p2b: Maushold|Protect\n|move|p1a: Snorlax|Earthquake|p2b: Maushold|[spread] p2a\n|-activate|p1b: Gholdengo|move: Protect\n|-activate|p2b: Maushold|move: Protect\n|-damage|p2a: Indeedee|10/100\n|move|p2a: Indeedee|Psychic|p1b: Gholdengo\n|-activate|p1b: Gholdengo|move: Protect\n|\n|upkeep\n|turn|5\n|inactive|BishopDell has 30 seconds left.\n|\n|t:|1735752599\n|move|p2a: Indeedee|Protect|p2a: Indeedee\n|-singleturn|p2a: Indeedee|Protect\n|move|p2b: Maushold|Protect||[still]\n|-fail|p2b: Maushold\n|move|p1a: Snorlax|Supercell Slam|p2b: Maushold\n|-damage|p2b: Maushold|0 fnt\n|faint|p2b: Maushold\n|move|p1b: Gholdengo|Make It Rain|p2a: Indeedee\n|-activate|p2a: Indeedee|move: Protect\n|\n|-fieldend|move: Trick Room\n|upkeep\n|\n|t:|1735752611\n|switch|p2b: Annihilape|Annihilape, L50, M|100/100\n|turn|6\n|\n|t:|1735752632\n|move|p1b: Gholdengo|Protect|p1b: Gholdengo\n|-singleturn|p1b: Gholdengo|Protect\n|move|p2b: Annihilape|Final Gambit|p1a: Snorlax\n|-damage|p1a: Snorlax|0 fnt\n|faint|p2b: Annihilape\n|faint|p1a: Snorlax\n|move|p2a: Indeedee|Psychic|p1b: Gholdengo\n|-activate|p1b: Gholdengo|move: Protect\n|\n|-fieldend|move: Psychic Terrain\n|upkeep\n|\n|t:|1735752639\n|switch|p2b: Volcarona|Volcarona, L50, M|100/100\n|switch|p1a: Dragonite|Dragonite, L50, F|100/100\n|turn|7\n|\n|t:|1735752654\n|switch|p1b: Slowbro|Slowbro, L50, M|100/100\n|move|p1a: Dragonite|Extreme Speed|p2a: Indeedee\n|-damage|p2a: Indeedee|0 fnt\n|faint|p2a: Indeedee\n|move|p2b: Volcarona|Quiver Dance|p2b: Volcarona\n|-boost|p2b: Volcarona|spa|1\n|-boost|p2b: Volcarona|spd|1\n|-boost|p2b: Volcarona|spe|1\n|\n|upkeep\n|turn|8\n|\n|t:|1735752665\n|-terastallize|p2b: Volcarona|Grass\n|move|p1a: Dragonite|Extreme Speed|p2b: Volcarona\n|-damage|p2b: Volcarona|28/100\n|move|p2b: Volcarona|Giga Drain|p1b: Slowbro\n|-supereffective|p1b: Slowbro\n|-damage|p1b: Slowbro|3/100\n|-heal|p2b: Volcarona|82/100|[from] drain|[of] p1b: Slowbro\n|move|p1b: Slowbro|Scald|p2b: Volcarona\n|-resisted|p2b: Volcarona\n|-damage|p2b: Volcarona|69/100\n|\n|upkeep\n|turn|9\n|\n|t:|1735752676\n|move|p1b: Slowbro|Protect|p1b: Slowbro\n|-singleturn|p1b: Slowbro|Protect\n|move|p1a: Dragonite|Extreme Speed|p2b: Volcarona\n|-crit|p2b: Volcarona\n|-damage|p2b: Volcarona|0 fnt\n|faint|p2b: Volcarona\n|\n|win|BishopDell\n|raw|BishopDell's rating: 1127 &rarr; <strong>1158</strong><br />(+31 for winning)\n|raw|DuoxDG's rating: 1210 &rarr; <strong>1179</strong><br />(-31 for losing)\n|l|\u2606BishopDell\n|player|p1|\n|l|\u2606DuoxDG\n|player|p2|\n",
  "uploadtime": 1735753040,
  "views": 343,
  "formatid": "gen9vgc2024regh",
  "rating": 1158,
  "private": 0,
  "password": null
}