{
  "id": "gen9vgc2024regh-2273120318",
  "format": "[Gen 9] VGC 2024 Reg H",
  "players": [
    "JayZhou8",
    "Dv147"
  ],
  "log": "|j|\u2606JayZhou8\n|j|\u2606Dv147\n|t:|1735734799\n|gametype|doubles\n|player|p1|JayZhou8|miku-flying|1634\n|player|p2|Dv147|170|1614\n|teamsize|p1|6\n|teamsize|p2|6\n|gen|9\n|tier|[Gen 9] VGC 2024 Reg H\n|rated|\n|rule|Species Clause: Limit one of each Pok\u00e9mon\n|rule|Item Clause: Limit 1 of each item\n|clearpoke\n|poke|p1|Tatsugiri, L50, F|\n|poke|p1|Dondozo, L50, F|\n|poke|p1|Glimmora, L50, M|\n|poke|p1|Hydrapple, L50, M|\n|poke|p1|Volcarona, L50, F|\n|poke|p1|Electabuzz, L50, F|\n|poke|p2|Ursaluna-Bloodmoon, L50, M|\n|poke|p2|Torkoal, L50, F|\n|poke|p2|Lilligant-Hisui, L50, F|\n|poke|p2|Oranguru, L50, M|\n|poke|p2|Annihilape, L50, F|\n|poke|p2|Kingambit, L50, F|\n|teampreview|4\n|inactive|Battle timer is ON: inactive players will automatically lose when time's up. (requested by JayZhou8)\n|\n|t:|1735734810\n|start\n|switch|p1a: Glimmora|Glimmora, L50, M|100/100\n|switch|p1b: Hydrapple|Hydrapple, L50, M, shiny|100/100\n|switch|p2a: Oranguru|Oranguru, L50, M|100/100\n|switch|p2b: Annihilape|Annihilape, L50, F|100/100\n|-ability|p1b: Hydrapple|Supersweet Syrup\n|-unboost|p2a: Oranguru|evasion|1\n|-unboost|p2b: Annihilape|evasion|1\n|-ability|p2b: Annihilape|Defiant|boost\n|-boost|p2b: Annihilape|atk|2\n|turn|1\n|\n|t:|1735734826\n|move|p2b: Annihilape|Final Gambit|p1b: Hydrapple\n|-damage|p1b: Hydrapple|0 fnt\n|faint|p2b: Annihilape\n|faint|p1b: Hydrapple\n|move|p1a: Glimmora|Meteor Beam||[still]\n|-prepare|p1a: Glimmora|Meteor Beam\n|-boost|p1a: Glimmora|spa|1\n|-enditem|p1a: Glimmora|Power Herb\n|-anim|p1a: Glimmora|Meteor Beam|p2a: Oranguru\n|-damage|p2a: Oranguru|24/100\n|move|p2a: Oranguru|Trick Room|p2a: Oranguru\n|-fieldstart|move: Trick Room|[of] p2a: Oranguru\n|\n|upkeep\n|\n|t:|1735734839\n|switch|p1b: Dondozo|Dondozo, L50, F|100/100\n|switch|p2b: Torkoal|Torkoal, L50, F|100/100\n|-weather|SunnyDay|[from] ability: Drought|[of] p2b: Torkoal\n|turn|2\n|\n|t:|1735734848\n|switch|p1a: Tatsugiri|Tatsugiri, L50, F|100/100\n|-activate|p1a: Tatsugiri|ability: Commander|[of] p1b: Dondozo\n|-boost|p1b: Dondozo|atk|2\n|-boost|p1b: Dondozo|spa|2\n|-boost|p1b: Dondozo|spe|2\n|-boost|p1b: Dondozo|def|2\n|-boost|p1b: Dondozo|spd|2\n|-terastallize|p2b: Torkoal|Fire\n|move|p2b: Torkoal|Eruption|p1b: Dondozo|[spread] p1b\n|-miss|p2b: Torkoal|p1a: Tatsugiri\n|-resisted|p1b: Dondozo\n|-damage|p1b: Dondozo|73/100\n|move|p2a: Oranguru|Instruct|p2b: Torkoal\n|-singleturn|p2b: Torkoal|move: Instruct|[of] p2a: Oranguru\n|move|p2b: Torkoal|Eruption|p1a: Tatsugiri|[spread] p1b\n|-miss|p2b: Torkoal|p1a: Tatsugiri\n|-resisted|p1b: Dondozo\n|-damage|p1b: Dondozo|45/100\n|move|p1b: Dondozo|Earthquake|p2a: Oranguru|[spread] p2a,p2b\n|-miss|p1b: Dondozo|p1a: Tatsugiri\n|-supereffective|p2b: Torkoal\n|-damage|p2a: Oranguru|0 fnt\n|-damage|p2b: Torkoal|37/100\n|faint|p2a: Oranguru\n|\n|-weather|SunnyDay|[upkeep]\n|-heal|p1b: Dondozo|52/100|[from] item: Leftovers\n|upkeep\n|inactive|Dv147 has 30 seconds left.\n|\n|t:|1735734877\n|switch|p2a: Ursaluna|Ursaluna-Bloodmoon, L50, M|100/100\n|turn|3\n|\n|t:|1735734884\n|move|p1b: Dondozo|Protect|p1b: Dondozo\n|-singleturn|p1b: Dondozo|Protect\n|move|p2b: Torkoal|Weather Ball|p1b: Dondozo\n|-activate|p1b: Dondozo|move: Protect\n|move|p2a: Ursaluna|Hyper Voice|p1a: Tatsugiri|[spread] \n|-miss|p2a: Ursaluna|p1a: Tatsugiri\n|-activate|p1b: Dondozo|move: Protect\n|\n|-weather|SunnyDay|[upkeep]\n|-heal|p1b: Dondozo|58/100|[from] item: Leftovers\n|upkeep\n|turn|4\n|\n|t:|1735734901\n|move|p2b: Torkoal|Weather Ball|p1b: Dondozo\n|-resisted|p1b: Dondozo\n|-damage|p1b: Dondozo|36/100\n|move|p2a: Ursaluna|Hyper Voice|p1a: Tatsugiri|[spread] p1b\n|-miss|p2a: Ursaluna|p1a: Tatsugiri\n|-damage|p1b: Dondozo|18/100\n|-enditem|p2a: Ursaluna|Throat Spray\n|-boost|p2a: Ursaluna|spa|1|[from] item: Throat Spray\n|move|p1b: Dondozo|Earthquake|p2a: Ursaluna|[spread] p2a,p2b\n|-miss|p1b: Dondozo|p1a: Tatsugiri\n|-supereffective|p2b: Torkoal\n|-damage|p2a: Ursaluna|72/100\n|-damage|p2b: Torkoal|0 fnt\n|faint|p2b: Torkoal\n|\n|-weather|SunnyDay|[upkeep]\n|-heal|p1b: Dondozo|24/100|[from] item: Leftovers\n|upkeep\n|turn|5\n|\n|t:|1735734920\n|move|p1b: Dondozo|Protect|p1b: Dondozo\n|-singleturn|p1b: Dondozo|Protect\n|move|p2a: Ursaluna|Hyper Voice|p1b: Dondozo|[spread] \n|-miss|p2a: Ursaluna|p1a: Tatsugiri\n|-activate|p1b: Dondozo|move: Protect\n|\n|-weather|SunnyDay|[upkeep]\n|-heal|p1b: Dondozo|30/100|[from] item: Leftovers\n|-fieldend|move: Trick Room\n|upkeep\n|turn|6\n|\n|t:|1735734931\n|move|p1b: Dondozo|Wave Crash|p2a: Ursaluna\n|-supereffective|p2a: Ursaluna\n|-damage|p2a: Ursaluna|3/100\n|-damage|p1b: Dondozo|10/100|[from] Recoil\n|move|p2a: Ursaluna|Blood Moon|p1b: Dondozo\n|-damage|p1b: Dondozo|0 fnt\n|faint|p1b: Dondozo\n|\n|-weather|none\n|upkeep\n|\n|t:|1735734938\n|switch|p1b: Glimmora|Glimmora, L50, M|100/100\n|turn|7\n|\n|t:|1735734946\n|move|p1a: Tatsugiri|Muddy Water|p2a: Ursaluna\n|-supereffective|p2a: Ursaluna\n|-damage|p2a: Ursaluna|0 fnt\n|faint|p2a: Ursaluna\n|\n|win|JayZhou8\n|raw|JayZhou8's rating: 1634 &rarr; <strong>1653</strong><br />(+19 for winning)\n|raw|Dv147's rating: 1614 &rarr; <strong>1595</strong><br />(-19 for losing)\n|l|\u2606Dv147\n|player|p2|\n|l|\u2606JayZhou8\n|player|p1|\n",
  "uploadtime": 1735735172,
  "views": 32,
  "formatid": "gen9vgc2024regh",
  "rating": 1595,
  "private": 0,
  "password": null
}