{
  "id": "gen9vgc2024regh-2273104169",
  "format": "[Gen 9] VGC 2024 Reg H",
  "players": [
    "guaifasoufhasi",
    "VenomMachine"
  ],
  "log": "|j|\u203dguaifasoufhasi\n|j|\u2606VenomMachine\n|t:|1735730980\n|gametype|doubles\n|player|p1|guaifasoufhasi|2|1091\n|player|p2|VenomMachine|169|1087\n|teamsize|p1|6\n|teamsize|p2|6\n|gen|9\n|tier|[Gen 9] VGC 2024 Reg H\n|rated|\n|rule|Species Clause: Limit one of each Pok\u00e9mon\n|rule|Item Clause: Limit 1 of each item\n|clearpoke\n|poke|p1|Ursaluna-Bloodmoon, L50, M|\n|poke|p1|Porygon2, L50|\n|poke|p1|Amoonguss, L50, M|\n|poke|p1|Incineroar, L50, F|\n|poke|p1|Dragapult, L50, F|\n|poke|p1|Sneasler, L50, M|\n|poke|p2|Sinistcha-Masterpiece, L50|\n|poke|p2|Shiftry, L50, M|\n|poke|p2|Altaria, L50, M|\n|poke|p2|Gholdengo, L50|\n|poke|p2|Baxcalibur, L50, M|\n|poke|p2|Clawitzer, L50, F|\n|teampreview|4\n|inactive|Battle timer is ON: inactive players will automatically lose when time's up. (requested by guaifasoufhasi)\n|inactive|VenomMachine has 60 seconds left.\n|inactive|VenomMachine has 30 seconds left.\n|inactive|VenomMachine has 20 seconds left.\n|inactive|VenomMachine has 15 seconds left.\n|\n|t:|1735731056\n|start\n|switch|p1a: Porygon2|Porygon2, L50|100/100\n|switch|p1b: Incineroar|Incineroar, L50, F|100/100\n|switch|p2a: Shiftry|Shiftry, L50, M|100/100\n|switch|p2b: Gholdengo|Gholdengo, L50|100/100\n|-ability|p1a: Porygon2|Good as Gold|[from] ability: Trace|[of] p2b: Gholdengo\n|-ability|p1b: Incineroar|Intimidate|boost\n|-unboost|p2a: Shiftry|atk|1\n|-unboost|p2b: Gholdengo|atk|1\n|turn|1\n|inactive|VenomMachine has 30 seconds left.\n|\n|t:|1735731086\n|move|p2a: Shiftry|Fake Out|p1b: Incineroar\n|-damage|p1b: Incineroar|94/100\n|move|p2b: Gholdengo|Trick|p1b: Incineroar\n|-activate|p2b: Gholdengo|move: Trick|[of] p1b: Incineroar\n|-item|p1b: Incineroar|Choice Specs|[from] move: Trick\n|-item|p2b: Gholdengo|Safety Goggles|[from] move: Trick\n|cant|p1b: Incineroar|flinch\n|move|p1a: Porygon2|Trick Room|p1a: Porygon2\n|-fieldstart|move: Trick Room|[of] p1a: Porygon2\n|\n|upkeep\n|turn|2\n|inactive|guaifasoufhasi has 30 seconds left.\n|inactive|VenomMachine has 30 seconds left.\n|inactive|VenomMachine has 20 seconds left.\n|\n|t:|1735731122\n|move|p1b: Incineroar|Flare Blitz|p2b: Gholdengo\n|-supereffective|p2b: Gholdengo\n|-damage|p2b: Gholdengo|0 fnt\n|faint|p2b: Gholdengo\n|-damage|p1b: Incineroar|67/100|[from] Recoil\n|move|p1a: Porygon2|Ice Beam|p2a: Shiftry\n|-supereffective|p2a: Shiftry\n|-damage|p2a: Shiftry|35/100\n|move|p2a: Shiftry|Knock Off|p1a: Porygon2\n|-damage|p1a: Porygon2|85/100\n|-enditem|p1a: Porygon2|Eviolite|[from] move: Knock Off|[of] p2a: Shiftry\n|\n|upkeep\n|\n|t:|1735731135\n|switch|p2b: Clawitzer|Clawitzer, L50, F|100/100\n|turn|3\n|inactive|VenomMachine has 30 seconds left.\n|\n|t:|1735731162\n|-terastallize|p2a: Shiftry|Dark\n|move|p2a: Shiftry|Sucker Punch|p1a: Porygon2\n|-damage|p1a: Porygon2|63/100\n|move|p1b: Incineroar|Flare Blitz|p2a: Shiftry\n|-damage|p2a: Shiftry|0 fnt\n|faint|p2a: Shiftry\n|-damage|p1b: Incineroar|58/100|[from] Recoil\n|move|p2b: Clawitzer|Aura Sphere|p1a: Porygon2\n|-supereffective|p1a: Porygon2\n|-damage|p1a: Porygon2|0 fnt\n|faint|p1a: Porygon2\n|-damage|p2b: Clawitzer|91/100|[from] item: Life Orb\n|\n|upkeep\n|\n|t:|1735731178\n|switch|p1a: Amoonguss|Amoonguss, L50, M|100/100\n|switch|p2a: Baxcalibur|Baxcalibur, L50, M|100/100\n|turn|4\n|inactive|guaifasoufhasi has 30 seconds left.\n|inactive|VenomMachine has 30 seconds left.\n|\n|t:|1735731211\n|move|p1a: Amoonguss|Spore|p2a: Baxcalibur\n|-status|p2a: Baxcalibur|slp|[from] move: Spore\n|move|p1b: Incineroar|Flare Blitz|p2b: Clawitzer\n|-resisted|p2b: Clawitzer\n|-damage|p2b: Clawitzer|62/100\n|-damage|p1b: Incineroar|50/100|[from] Recoil\n|move|p2b: Clawitzer|Dragon Pulse|p1a: Amoonguss\n|-damage|p1a: Amoonguss|53/100\n|-damage|p2b: Clawitzer|53/100|[from] item: Life Orb\n|cant|p2a: Baxcalibur|slp\n|\n|upkeep\n|turn|5\n|\n|t:|1735731233\n|move|p1a: Amoonguss|Spore|p2b: Clawitzer\n|-status|p2b: Clawitzer|slp|[from] move: Spore\n|move|p1b: Incineroar|Flare Blitz|p2b: Clawitzer\n|-resisted|p2b: Clawitzer\n|-damage|p2b: Clawitzer|24/100 slp\n|-damage|p1b: Incineroar|41/100|[from] Recoil\n|cant|p2b: Clawitzer|slp\n|-curestatus|p2a: Baxcalibur|slp|[msg]\n|move|p2a: Baxcalibur|Icicle Spear|p1a: Amoonguss\n|-supereffective|p1a: Amoonguss\n|-damage|p1a: Amoonguss|32/100\n|-supereffective|p1a: Amoonguss\n|-damage|p1a: Amoonguss|7/100\n|-supereffective|p1a: Amoonguss\n|-damage|p1a: Amoonguss|0 fnt\n|faint|p1a: Amoonguss\n|-hitcount|p1: Amoonguss|3\n|\n|-fieldend|move: Trick Room\n|upkeep\n|\n|t:|1735731245\n|switch|p1a: Ursaluna|Ursaluna-Bloodmoon, L50, M|100/100\n|turn|6\n|\n|t:|1735731257\n|-terastallize|p1a: Ursaluna|Normal\n|move|p2a: Baxcalibur|Icicle Spear|p1a: Ursaluna\n|-damage|p1a: Ursaluna|90/100\n|-damage|p1a: Ursaluna|79/100\n|-damage|p1a: Ursaluna|67/100\n|-damage|p1a: Ursaluna|57/100\n|-damage|p1a: Ursaluna|46/100\n|-hitcount|p1a: Ursaluna|5\n|-curestatus|p2b: Clawitzer|slp|[msg]\n|move|p2b: Clawitzer|Aura Sphere|p1b: Incineroar\n|-supereffective|p1b: Incineroar\n|-damage|p1b: Incineroar|0 fnt\n|faint|p1b: Incineroar\n|-damage|p2b: Clawitzer|14/100|[from] item: Life Orb\n|move|p1a: Ursaluna|Blood Moon|p2a: Baxcalibur\n|-damage|p2a: Baxcalibur|0 fnt\n|faint|p2a: Baxcalibur\n|\n|upkeep\n|turn|7\n|\n|t:|1735731278\n|move|p1a: Ursaluna|Vacuum Wave|p2b: Clawitzer\n|-damage|p2b: Clawitzer|0 fnt\n|faint|p2b: Clawitzer\n|\n|win|guaifasoufhasi\n|raw|guaifasoufhasi's rating: 1091 &rarr; <strong>1117</strong><br />(+26 for winning)\n|raw|VenomMachine's rating: 1087 &rarr; <strong>1064</strong><br />(-23 for losing)\n|l|\u203dguaifasoufhasi\n|player|p1|\n|l|\u2606VenomMachine\n|player|p2|\n",
  "uploadtime": 1735731683,
  "views": 22,
  "formatid": "gen9vgc2024regh",
  "rating": 1064,
  "private": 0,
  "password": null
}