{
  "id": "gen9vgc2024regh-2273164038",
  "format": "[Gen 9] VGC 2024 Reg H",
  "players": [
    "joergdienase",
    "jar55"
  ],
  "log": "|j|\u2606joergdienase\n|j|\u2606jar55\n|t:|1735743368\n|gametype|doubles\n|player|p1|joergdienase|101|1328\n|player|p2|jar55|102|1358\n|teamsize|p1|6\n|teamsize|p2|6\n|gen|9\n|tier|[Gen 9] VGC 2024 Reg H\n|rated|\n|rule|Species Clause: Limit one of each Pok\u00e9mon\n|rule|Item Clause: Limit 1 of each item\n|clearpoke\n|poke|p1|Smeargle, L50, F|\n|poke|p1|Bellossom, L50, M|\n|poke|p1|Armarouge, L50, F|\n|poke|p1|Forretress, L50, M|\n|poke|p1|Ursaluna, L50, M|\n|poke|p1|Magnezone, L50|\n|poke|p2|Altaria, L50, M|\n|poke|p2|Gengar, L50, M|\n|poke|p2|Rotom-Wash, L50|\n|poke|p2|Incineroar, L50, F|\n|poke|p2|Sylveon, L50, F|\n|poke|p2|Gallade, L50, M|\n|teampreview|4\n|inactive|Battle timer is ON: inactive players will automatically lose when time's up. (requested by jar55)\njar55 has agreed to open team sheets.\njoergdienase rejected open team sheets.\n|inactive|jar55 has 60 seconds left.\n|\n|t:|1735743440\n|start\n|switch|p1a: Smeargle|Smeargle, L50, F|100/100\n|switch|p1b: Forretress|Forretress, L50, M|100/100\n|switch|p2a: Rotom|Rotom-Wash, L50|100/100\n|switch|p2b: Incineroar|Incineroar, L50, F|100/100\n|-ability|p2b: Incineroar|Intimidate|boost\n|-unboost|p1a: Smeargle|atk|1\n|-unboost|p1b: Forretress|atk|1\n|turn|1\n|\n|t:|1735743458\n|move|p1a: Smeargle|Burning Bulwark|p1a: Smeargle\n|-singleturn|p1a: Smeargle|move: Protect\n|move|p2a: Rotom|Volt Switch|p1a: Smeargle\n|-activate|p1a: Smeargle|move: Protect\n|move|p2b: Incineroar|Flare Blitz|p1b: Forretress\n|-supereffective|p1b: Forretress\n|-damage|p1b: Forretress|0 fnt\n|-damage|p2b: Incineroar|84/100|[from] item: Rocky Helmet|[of] p1b: Forretress\n|faint|p1b: Forretress\n|-damage|p2b: Incineroar|54/100|[from] Recoil\n|\n|-ability|p1a: Smeargle|Moody|boost\n|-boost|p1a: Smeargle|atk|2\n|-unboost|p1a: Smeargle|spa|1\n|upkeep\n|\n|t:|1735743469\n|switch|p1b: Magnezone|Magnezone, L50|100/100\n|-item|p1b: Magnezone|Air Balloon\n|turn|2\n|inactive|jar55 has 30 seconds left.\n|\n|t:|1735743499\n|-terastallize|p1b: Magnezone|Dragon\n|move|p2a: Rotom|Will-O-Wisp|p1a: Smeargle\n|-status|p1a: Smeargle|brn\n|move|p2b: Incineroar|Parting Shot|p1b: Magnezone\n|-unboost|p1b: Magnezone|atk|1\n|-unboost|p1b: Magnezone|spa|1\n|\n|t:|1735743506\n|switch|p2b: Altaria|Altaria, L50, M|100/100|[from] Parting Shot\n|-ability|p2b: Altaria|Cloud Nine\n|move|p1b: Magnezone|Thunderbolt|p2b: Altaria\n|-damage|p2b: Altaria|74/100\n|move|p1a: Smeargle|Trick Room|p1a: Smeargle\n|-fieldstart|move: Trick Room|[of] p1a: Smeargle\n|\n|-damage|p1a: Smeargle|95/100 brn|[from] brn\n|-ability|p1a: Smeargle|Moody|boost\n|-boost|p1a: Smeargle|atk|2\n|-unboost|p1a: Smeargle|spa|1\n|upkeep\n|turn|3\n|inactive|jar55 has 30 seconds left.\n|\n|t:|1735743531\n|move|p1b: Magnezone|Tera Blast|p2b: Altaria|[anim] Tera Blast Dragon\n|-supereffective|p2b: Altaria\n|-damage|p2b: Altaria|23/100\n|move|p2b: Altaria|Perish Song|p2b: Altaria\n|-start|p1a: Smeargle|perish3|[silent]\n|-start|p1b: Magnezone|perish3|[silent]\n|-start|p2a: Rotom|perish3|[silent]\n|-start|p2b: Altaria|perish3|[silent]\n|-fieldactivate|move: Perish Song\n|move|p2a: Rotom|Hydro Pump|p1a: Smeargle\n|-damage|p1a: Smeargle|0 fnt\n|faint|p1a: Smeargle\n|\n|-start|p1b: Magnezone|perish3\n|-start|p2b: Altaria|perish3\n|-start|p2a: Rotom|perish3\n|upkeep\n|\n|t:|1735743537\n|switch|p1a: Armarouge|Armarouge, L50, F|100/100\n|turn|4\n|inactive|jar55 has 30 seconds left.\n|\n|t:|1735743568\n|move|p2b: Altaria|Helping Hand|p2a: Rotom\n|-singleturn|p2a: Rotom|Helping Hand|[of] p2b: Altaria\n|move|p1a: Armarouge|Protect|p1a: Armarouge\n|-singleturn|p1a: Armarouge|Protect\n|move|p1b: Magnezone|Flash Cannon|p2b: Altaria\n|-damage|p2b: Altaria|1/100\n|move|p2a: Rotom|Hydro Pump|p1a: Armarouge\n|-activate|p1a: Armarouge|move: Protect\n|\n|-start|p1b: Magnezone|perish2\n|-start|p2b: Altaria|perish2\n|-start|p2a: Rotom|perish2\n|upkeep\n|turn|5\n|\n|t:|1735743587\n|move|p2b: Altaria|Helping Hand|p2a: Rotom\n|-singleturn|p2a: Rotom|Helping Hand|[of] p2b: Altaria\n|move|p1b: Magnezone|Thunderbolt|p2a: Rotom\n|-damage|p2a: Rotom|64/100\n|move|p1a: Armarouge|Expanding Force|p2a: Rotom\n|-damage|p2a: Rotom|9/100\n|-enditem|p2a: Rotom|Sitrus Berry|[eat]\n|-heal|p2a: Rotom|34/100|[from] item: Sitrus Berry\n|-damage|p1a: Armarouge|91/100|[from] item: Life Orb\n|move|p2a: Rotom|Hydro Pump|p1a: Armarouge\n|-supereffective|p1a: Armarouge\n|-damage|p1a: Armarouge|0 fnt\n|faint|p1a: Armarouge\n|\n|-start|p1b: Magnezone|perish1\n|-start|p2b: Altaria|perish1\n|-start|p2a: Rotom|perish1\n|upkeep\n|turn|6\n|-message|joergdienase forfeited.\n|\n|win|jar55\n|raw|joergdienase's rating: 1328 &rarr; <strong>1310</strong><br />(-18 for losing)\n|raw|jar55's rating: 1358 &rarr; <strong>1376</strong><br />(+18 for winning)\n|l|\u2606joergdienase\n|player|p1|\n",
  "uploadtime": 1735743905,
  "views": 134,
  "formatid": "gen9vgc2024regh",
  "rating": 1310,
  "private": 0,
  "password": null
}