{
  "id": "gen9vgc2024regh-2273198642",
  "format": "[Gen 9] VGC 2024 Reg H",
  "players": [
    "The Force Of Evil",
    "WLG Xeb41"
  ],
  "log": "|j|\u2606The Force Of Evil\n|j|\u2606WLG Xeb41\n|html|<table width=\"100%\"><tr><td align=\"left\">The Force Of Evil</td><td align=\"right\">WLG Xeb41</tr><tr><td align=\"left\"><i class=\"fa fa-circle-o\"></i> <i class=\"fa fa-circle-o\"></i> </td><td align=\"right\"><i class=\"fa fa-circle-o\"></i> <i class=\"fa fa-circle-o\"></i> </tr></table>\n|uhtml|bestof|<h2><strong>Game 1</strong> of <a href=\"/game-bestof3-gen9vgc2024regh-2273198641\">a best-of-3</a></h2>\n|t:|1735748818\n|gametype|doubles\n|player|p1|The Force Of Evil|hilda-wonderlauncher|\n|player|p2|WLG Xeb41|scientist|\n|teamsize|p1|6\n|teamsize|p2|6\n|gen|9\n|tier|[Gen 9] VGC 2024 Reg H\n|rule|Species Clause: Limit one of each Pok\u00e9mon\n|rule|Item Clause: Limit 1 of each item\n|clearpoke\n|poke|p1|Pelipper, L50, F|\n|poke|p1|Porygon2, L50|\n|poke|p1|Palafin, L50, F|\n|poke|p1|Meowstic, L50, M|\n|poke|p1|Metagross, L50|\n|poke|p1|Mienshao, L50, M|\n|poke|p2|Garganacl, L50, M|\n|poke|p2|Ninetales-Alola, L50, M|\n|poke|p2|Tsareena, L50, F|\n|poke|p2|Dachsbun, L50, F|\n|poke|p2|Florges-Blue, L50, F|\n|poke|p2|Lurantis, L50, F|\n|teampreview|4\nThe Force Of Evil has agreed to open team sheets.\nWLG Xeb41 has agreed to open team sheets.\n|showteam|p1|Pelipper||FocusSash|Drizzle|Hurricane,WeatherBall,Tailwind,Protect|||F|||50|,,,,,Ghost]Porygon2||Eviolite|Download|TeraBlast,IceBeam,TrickRoom,Recover||||||50|,,,,,Ghost]Palafin||ChoiceBand|ZerotoHero|JetPunch,WaveCrash,FlipTurn,CloseCombat|||F|||50|,,,,,Water]Meowstic||LightClay|Prankster|Reflect,LightScreen,MistyTerrain,PsychicNoise|||M|||50|,,,,,Dark]Metagross||AssaultVest|ClearBody|KnockOff,BulletPunch,PsychicFangs,IronHead||||||50|,,,,,Fire]Mienshao||ChoiceScarf|InnerFocus|CloseCombat,Uturn,TripleAxel,KnockOff|||M|||50|,,,,,Dark\n|showteam|p2|Garganacl||MarangaBerry|PurifyingSalt|WideGuard,SaltCure,Protect,Recover|||M|||50|,,,,,Ghost]Ninetales-Alola||LightClay|SnowWarning|AuroraVeil,Blizzard,FreezeDry,Protect|||M|||50|,,,,,Ghost]Tsareena||WideLens|QueenlyMajesty|PowerWhip,TripleAxel,HighJumpKick,Protect|||F|||50|,,,,,Fire]Dachsbun||SafetyGoggles|WellBakedBody|BodyPress,Yawn,Protect,BatonPass|||F|||50|,,,,,Steel]Florges-Blue||SitrusBerry|FlowerVeil|HelpingHand,Charm,AlluringVoice,ChillingWater|||F|||50|,,,,,Water]Lurantis||AssaultVest|Contrary|Superpower,PoisonJab,LeafBlade,NightSlash|||F|||50|,,,,,Ice\n|\n|t:|1735748877\n|start\n|switch|p1a: Meowstic|Meowstic, L50, M|100/100\n|switch|p1b: Palafin|Palafin, L50, F|100/100\n|switch|p2a: Ninetales|Ninetales-Alola, L50, M|100/100\n|switch|p2b: Garganacl|Garganacl, L50, M|100/100\n|-weather|Snow|[from] ability: Snow Warning|[of] p2a: Ninetales\n|turn|1\n|\n|t:|1735748900\n|switch|p1a: Pelipper|Pelipper, L50, F|100/100\n|-weather|RainDance|[from] ability: Drizzle|[of] p1a: Pelipper\n|move|p2a: Ninetales|Freeze-Dry|p1b: Palafin\n|-supereffective|p1b: Palafin\n|-damage|p1b: Palafin|39/100\n|move|p1b: Palafin|Flip Turn|p2a: Ninetales\n|-damage|p2a: Ninetales|34/100\n|\n|t:|1735748909\n|detailschange|p1b: Palafin|Palafin-Hero, L50, F\n|switch|p1b: Metagross|Metagross, L50|100/100|[from] Flip Turn\n|move|p2b: Garganacl|Salt Cure|p1a: Pelipper\n|-supereffective|p1a: Pelipper\n|-damage|p1a: Pelipper|61/100\n|-start|p1a: Pelipper|Salt Cure\n|\n|-weather|RainDance|[upkeep]\n|-damage|p1a: Pelipper|36/100|[from] Salt Cure\n|upkeep\n|turn|2\n|\n|t:|1735748933\n|switch|p2a: Lurantis|Lurantis, L50, F|100/100\n|-terastallize|p2b: Garganacl|Ghost\n|move|p1b: Metagross|Bullet Punch|p2a: Lurantis\n|-damage|p2a: Lurantis|76/100\n|move|p1a: Pelipper|Tailwind|p1a: Pelipper\n|-sidestart|p1: The Force Of Evil|move: Tailwind\n|move|p2b: Garganacl|Salt Cure|p1b: Metagross\n|-resisted|p1b: Metagross\n|-damage|p1b: Metagross|95/100\n|-start|p1b: Metagross|Salt Cure\n|\n|-weather|RainDance|[upkeep]\n|-damage|p1a: Pelipper|11/100|[from] Salt Cure\n|-damage|p1b: Metagross|70/100|[from] Salt Cure\n|upkeep\n|turn|3\n|\n|t:|1735748973\n|move|p1a: Pelipper|Hurricane|p2a: Lurantis\n|-supereffective|p2a: Lurantis\n|-damage|p2a: Lurantis|20/100\n|-start|p2a: Lurantis|confusion\n|move|p1b: Metagross|Knock Off|p2b: Garganacl\n|-supereffective|p2b: Garganacl\n|-damage|p2b: Garganacl|50/100\n|-enditem|p2b: Garganacl|Maranga Berry|[from] move: Knock Off|[of] p1b: Metagross\n|-activate|p2a: Lurantis|confusion\n|move|p2a: Lurantis|Leaf Blade|p1b: Metagross\n|-resisted|p1b: Metagross\n|-damage|p1b: Metagross|56/100\n|move|p2b: Garganacl|Salt Cure|p1b: Metagross\n|-resisted|p1b: Metagross\n|-damage|p1b: Metagross|50/100\n|\n|-weather|RainDance|[upkeep]\n|-damage|p1a: Pelipper|0 fnt|[from] Salt Cure\n|faint|p1a: Pelipper\n|-damage|p1b: Metagross|26/100|[from] Salt Cure\n|upkeep\n|\n|t:|1735748991\n|switch|p1a: Meowstic|Meowstic, L50, M|100/100\n|turn|4\n|\n|t:|1735749009\n|switch|p2a: Ninetales|Ninetales-Alola, L50, M|34/100\n|-weather|Snow|[from] ability: Snow Warning|[of] p2a: Ninetales\n|move|p1a: Meowstic|Psychic Noise|p2b: Garganacl\n|-damage|p2b: Garganacl|34/100\n|-start|p2b: Garganacl|move: Heal Block\n|move|p1b: Metagross|Iron Head|p2b: Garganacl\n|-damage|p2b: Garganacl|0 fnt\n|faint|p2b: Garganacl\n|\n|-weather|Snow|[upkeep]\n|-damage|p1b: Metagross|1/100|[from] Salt Cure\n|upkeep\n|\n|t:|1735749029\n|switch|p2b: Florges|Florges-Blue, L50, F|100/100\n|turn|5\n|\n|t:|1735749060\n|move|p2a: Ninetales|Protect|p2a: Ninetales\n|-singleturn|p2a: Ninetales|Protect\n|move|p1a: Meowstic|Psychic Noise|p2a: Ninetales\n|-activate|p2a: Ninetales|move: Protect\n|move|p1b: Metagross|Iron Head|p2b: Florges\n|-supereffective|p2b: Florges\n|-damage|p2b: Florges|18/100\n|-enditem|p2b: Florges|Sitrus Berry|[eat]\n|-heal|p2b: Florges|43/100|[from] item: Sitrus Berry\n|move|p2b: Florges|Alluring Voice|p1a: Meowstic\n|-damage|p1a: Meowstic|72/100\n|\n|-weather|Snow|[upkeep]\n|-damage|p1b: Metagross|0 fnt|[from] Salt Cure\n|faint|p1b: Metagross\n|-sideend|p1: The Force Of Evil|move: Tailwind\n|upkeep\n|\n|t:|1735749067\n|switch|p1b: Palafin|Palafin-Hero, L50, F|39/100\n|-activate|p1b: Palafin|ability: Zero to Hero\n|turn|6\n|\n|t:|1735749116\n|switch|p2a: Lurantis|Lurantis, L50, F|20/100\n|-terastallize|p1b: Palafin|Water\n|move|p1b: Palafin|Jet Punch|p2a: Lurantis\n|-resisted|p2a: Lurantis\n|-damage|p2a: Lurantis|0 fnt\n|faint|p2a: Lurantis\n|move|p1a: Meowstic|Light Screen|p1a: Meowstic\n|-sidestart|p1: The Force Of Evil|move: Light Screen\n|move|p2b: Florges|Charm|p1b: Palafin\n|-unboost|p1b: Palafin|atk|2\n|\n|-weather|Snow|[upkeep]\n|upkeep\n|\n|t:|1735749126\n|switch|p2a: Ninetales|Ninetales-Alola, L50, M|34/100\n|turn|7\n|\n|t:|1735749152\n|move|p1b: Palafin|Jet Punch|p2b: Florges\n|-damage|p2b: Florges|8/100\n|move|p2a: Ninetales|Freeze-Dry|p1b: Palafin\n|-supereffective|p1b: Palafin\n|-damage|p1b: Palafin|7/100\n|move|p1a: Meowstic|Psychic Noise|p2b: Florges\n|-damage|p2b: Florges|0 fnt\n|faint|p2b: Florges\n|\n|-weather|Snow|[upkeep]\n|upkeep\n|turn|8\n|\n|t:|1735749166\n|move|p1b: Palafin|Jet Punch|p2a: Ninetales\n|-damage|p2a: Ninetales|0 fnt\n|faint|p2a: Ninetales\n|\n|win|The Force Of Evil\n||WLG Xeb41 is ready for game 2.\n|inactive|The Force Of Evil has 30 seconds to confirm battle start!\n||The Force Of Evil is ready for game 2.\n|uhtml|next|Next: <a href=\"/battle-gen9vgc2024regh-2273201149\"><strong>Game 2 of 3</strong></a>\n",
  "uploadtime": 1735749183,
  "views": 489,
  "formatid": "gen9vgc2024regh",
  "rating": null,
  "private": 0,
  "password": null
}