{
  "id": "gen9vgc2024regh-2273227995",
  "format": "[Gen 9] VGC 2024 Reg H",
  "players": [
    "5darkelves",
    "Badteamonpaper"
  ],
  "log": "|j|\u26065darkelves\n|j|\u2606Badteamonpaper\n|t:|1735752954\n|gametype|doubles\n|player|p1|5darkelves|scientist-gen4|1452\n|player|p2|Badteamonpaper|170|1385\n|teamsize|p1|6\n|teamsize|p2|6\n|gen|9\n|tier|[Gen 9] VGC 2024 Reg H\n|rated|\n|rule|Species Clause: Limit one of each Pok\u00e9mon\n|rule|Item Clause: Limit 1 of each item\n|clearpoke\n|poke|p1|Excadrill, L50, M|\n|poke|p1|Incineroar, L50, F|\n|poke|p1|Tyranitar, L50, M|\n|poke|p1|Amoonguss, L50, M|\n|poke|p1|Kommo-o, L50, F|\n|poke|p1|Reuniclus, L50, M|\n|poke|p2|Quaquaval, L50, M|\n|poke|p2|Volcarona, L50, F|\n|poke|p2|Dondozo, L50, M|\n|poke|p2|Tatsugiri, L50, F|\n|poke|p2|Oricorio-Sensu, L50, M|\n|poke|p2|Kommo-o, L50, M|\n|teampreview|4\n|inactive|Battle timer is ON: inactive players will automatically lose when time's up. (requested by Badteamonpaper)\n|\n|t:|1735752993\n|start\n|switch|p1a: Incineroar|Incineroar, L50, F|100/100\n|switch|p1b: Reuniclus|Reuniclus, L50, M|100/100\n|switch|p2a: Quaquaval|Quaquaval, L50, M, shiny|100/100\n|switch|p2b: Volcarona|Volcarona, L50, F, shiny|100/100\n|-ability|p1a: Incineroar|Intimidate|boost\n|-unboost|p2a: Quaquaval|atk|1\n|-unboost|p2b: Volcarona|atk|1\n|-enditem|p2a: Quaquaval|White Herb\n|-clearnegativeboost|p2a: Quaquaval|[silent]\n|turn|1\n|\n|t:|1735753014\n|move|p2a: Quaquaval|Protect|p2a: Quaquaval\n|-singleturn|p2a: Quaquaval|Protect\n|move|p1a: Incineroar|Fake Out|p2a: Quaquaval\n|-activate|p2a: Quaquaval|move: Protect\n|move|p2b: Volcarona|Struggle Bug|p1a: Incineroar|[spread] p1a,p1b\n|-supereffective|p1b: Reuniclus\n|-damage|p1a: Incineroar|84/100\n|-damage|p1b: Reuniclus|64/100\n|-unboost|p1a: Incineroar|spa|1\n|-unboost|p1b: Reuniclus|spa|1\n|move|p1b: Reuniclus|Trick Room|p1b: Reuniclus\n|-fieldstart|move: Trick Room|[of] p1b: Reuniclus\n|\n|upkeep\n|turn|2\n|inactive|Badteamonpaper has 30 seconds left.\n|\n|t:|1735753046\n|switch|p2a: Dondozo|Dondozo, L50, M, shiny|100/100\n|move|p1b: Reuniclus|Psychic|p2a: Dondozo\n|-damage|p2a: Dondozo|42/100\n|move|p1a: Incineroar|Flare Blitz|p2b: Volcarona\n|-damage|p2b: Volcarona|42/100\n|-damage|p1a: Incineroar|66/100|[from] Recoil\n|move|p2b: Volcarona|Struggle Bug|p1a: Incineroar|[spread] p1a,p1b\n|-supereffective|p1b: Reuniclus\n|-damage|p1a: Incineroar|50/100\n|-damage|p1b: Reuniclus|25/100\n|-unboost|p1a: Incineroar|spa|1\n|-unboost|p1b: Reuniclus|spa|1\n|\n|-heal|p2a: Dondozo|48/100|[from] item: Leftovers\n|upkeep\n|turn|3\n|inactive|5darkelves has 30 seconds left.\n|\n|t:|1735753076\n|move|p2a: Dondozo|Protect|p2a: Dondozo\n|-singleturn|p2a: Dondozo|Protect\n|move|p1b: Reuniclus|Psychic|p2a: Dondozo\n|-activate|p2a: Dondozo|move: Protect\n|move|p1a: Incineroar|Flare Blitz|p2b: Volcarona\n|-damage|p2b: Volcarona|0 fnt\n|faint|p2b: Volcarona\n|-damage|p1a: Incineroar|38/100|[from] Recoil\n|\n|-heal|p2a: Dondozo|54/100|[from] item: Leftovers\n|upkeep\n|\n|t:|1735753087\n|switch|p2b: Tatsugiri|Tatsugiri, L50, F, shiny|100/100\n|-activate|p2b: Tatsugiri|ability: Commander|[of] p2a: Dondozo\n|-boost|p2a: Dondozo|atk|2\n|-boost|p2a: Dondozo|spa|2\n|-boost|p2a: Dondozo|spe|2\n|-boost|p2a: Dondozo|def|2\n|-boost|p2a: Dondozo|spd|2\n|turn|4\n|\n|t:|1735753100\n|move|p1b: Reuniclus|Psychic|p2a: Dondozo\n|-damage|p2a: Dondozo|24/100\n|move|p1a: Incineroar|Parting Shot|p2a: Dondozo\n|-unboost|p2a: Dondozo|atk|1\n|-unboost|p2a: Dondozo|spa|1\n|\n|t:|1735753109\n|switch|p1a: Kommo-o|Kommo-o, L50, F|100/100|[from] Parting Shot\n|move|p2a: Dondozo|Earthquake|p1b: Reuniclus|[spread] p1a,p1b\n|-miss|p2a: Dondozo|p2b: Tatsugiri\n|-damage|p1a: Kommo-o|67/100\n|-damage|p1b: Reuniclus|0 fnt\n|faint|p1b: Reuniclus\n|\n|-heal|p2a: Dondozo|30/100|[from] item: Leftovers\n|upkeep\n|\n|t:|1735753118\n|switch|p1b: Incineroar|Incineroar, L50, F|38/100\n|-ability|p1b: Incineroar|Intimidate|boost\n|-unboost|p2a: Dondozo|atk|1\n|-unboost|p2b: Tatsugiri|atk|1\n|turn|5\n|\n|t:|1735753134\n|move|p2a: Dondozo|Protect|p2a: Dondozo\n|-singleturn|p2a: Dondozo|Protect\n|move|p1b: Incineroar|Fake Out|p2a: Dondozo\n|-activate|p2a: Dondozo|move: Protect\n|move|p1a: Kommo-o|Clangorous Soul|p1a: Kommo-o\n|-boost|p1a: Kommo-o|atk|1\n|-boost|p1a: Kommo-o|def|1\n|-boost|p1a: Kommo-o|spa|1\n|-boost|p1a: Kommo-o|spd|1\n|-boost|p1a: Kommo-o|spe|1\n|-damage|p1a: Kommo-o|35/100\n|-enditem|p1a: Kommo-o|Throat Spray\n|-boost|p1a: Kommo-o|spa|1|[from] item: Throat Spray\n|\n|-heal|p2a: Dondozo|36/100|[from] item: Leftovers\n|-fieldend|move: Trick Room\n|upkeep\n|turn|6\n|\n|t:|1735753152\n|switch|p1b: Amoonguss|Amoonguss, L50, M|100/100\n|move|p1a: Kommo-o|Protect|p1a: Kommo-o\n|-singleturn|p1a: Kommo-o|Protect\n|move|p2a: Dondozo|Order Up|p1a: Kommo-o\n|-activate|p1a: Kommo-o|move: Protect\n|\n|-heal|p2a: Dondozo|42/100|[from] item: Leftovers\n|upkeep\n|turn|7\n|inactive|5darkelves has 30 seconds left.\n|\n|t:|1735753178\n|move|p1b: Amoonguss|Rage Powder|p1b: Amoonguss\n|-singleturn|p1b: Amoonguss|move: Rage Powder\n|move|p1a: Kommo-o|Aura Sphere|p2a: Dondozo\n|-damage|p2a: Dondozo|26/100\n|move|p2a: Dondozo|Order Up|p1b: Amoonguss\n|-damage|p1b: Amoonguss|79/100\n|-boost|p2a: Dondozo|atk|1\n|\n|-heal|p2a: Dondozo|32/100|[from] item: Leftovers\n|upkeep\n|turn|8\n|\n|t:|1735753199\n|move|p1a: Kommo-o|Protect|p1a: Kommo-o\n|-singleturn|p1a: Kommo-o|Protect\n|move|p2a: Dondozo|Earthquake|p1b: Amoonguss|[spread] p1b\n|-miss|p2a: Dondozo|p2b: Tatsugiri\n|-activate|p1a: Kommo-o|move: Protect\n|-damage|p1b: Amoonguss|51/100\n|move|p1b: Amoonguss|Clear Smog|p2a: Dondozo\n|-damage|p2a: Dondozo|25/100\n|-clearboost|p2a: Dondozo\n|\n|-heal|p2a: Dondozo|31/100|[from] item: Leftovers\n|upkeep\n|turn|9\n|\n|t:|1735753217\n|move|p1a: Kommo-o|Aura Sphere|p2a: Dondozo\n|-damage|p2a: Dondozo|1/100\n|move|p2a: Dondozo|Order Up|p1a: Kommo-o\n|-supereffective|p1a: Kommo-o\n|-damage|p1a: Kommo-o|0 fnt\n|faint|p1a: Kommo-o\n|-boost|p2a: Dondozo|atk|1\n|move|p1b: Amoonguss|Pollen Puff|p1: Kommo-o|[notarget]\n|-fail|p1b: Amoonguss\n|\n|-heal|p2a: Dondozo|7/100|[from] item: Leftovers\n|upkeep\n|\n|t:|1735753226\n|switch|p1a: Incineroar|Incineroar, L50, F|38/100\n|-ability|p1a: Incineroar|Intimidate|boost\n|-unboost|p2a: Dondozo|atk|1\n|-unboost|p2b: Tatsugiri|atk|1\n|turn|10\n|\n|t:|1735753235\n|move|p2a: Dondozo|Protect|p2a: Dondozo\n|-singleturn|p2a: Dondozo|Protect\n|move|p1a: Incineroar|Fake Out|p2a: Dondozo\n|-activate|p2a: Dondozo|move: Protect\n|move|p1b: Amoonguss|Pollen Puff|p1a: Incineroar\n|-heal|p1a: Incineroar|88/100\n|\n|-heal|p2a: Dondozo|13/100|[from] item: Leftovers\n|upkeep\n|turn|11\n|\n|t:|1735753258\n|move|p1a: Incineroar|Knock Off|p2a: Dondozo\n|-damage|p2a: Dondozo|0 fnt\n|-enditem|p2a: Dondozo|Leftovers|[from] move: Knock Off|[of] p1a: Incineroar\n|faint|p2a: Dondozo\n|move|p1b: Amoonguss|Spore|p2b: Tatsugiri\n|-status|p2b: Tatsugiri|slp|[from] move: Spore\n|\n|upkeep\n|\n|t:|1735753266\n|switch|p2a: Quaquaval|Quaquaval, L50, M, shiny|100/100\n|turn|12\n|\n|t:|1735753289\n|-terastallize|p2a: Quaquaval|Flying\n|-terastallize|p1a: Incineroar|Ghost\n|cant|p2b: Tatsugiri|slp\n|move|p2a: Quaquaval|Acrobatics|p1b: Amoonguss\n|-supereffective|p1b: Amoonguss\n|-damage|p1b: Amoonguss|0 fnt\n|faint|p1b: Amoonguss\n|-ability|p2a: Quaquaval|Moxie|boost\n|-boost|p2a: Quaquaval|atk|1\n|move|p1a: Incineroar|Knock Off|p2b: Tatsugiri\n|-damage|p2b: Tatsugiri|10/100 slp\n|-enditem|p2b: Tatsugiri|Choice Scarf|[from] move: Knock Off|[of] p1a: Incineroar\n|\n|upkeep\n|turn|13\n|\n|t:|1735753311\n|cant|p2b: Tatsugiri|slp\n|move|p2a: Quaquaval|Acrobatics|p1a: Incineroar\n|-damage|p1a: Incineroar|3/100\n|move|p1a: Incineroar|Flare Blitz|p2a: Quaquaval\n|-damage|p2a: Quaquaval|27/100\n|-damage|p1a: Incineroar|0 fnt|[from] Recoil\n|faint|p1a: Incineroar\n|\n|win|Badteamonpaper\n|raw|5darkelves's rating: 1452 &rarr; <strong>1428</strong><br />(-24 for losing)\n|raw|Badteamonpaper's rating: 1385 &rarr; <strong>1409</strong><br />(+24 for winning)\n|l|\u26065darkelves\n|player|p1|\n|l|\u2606Badteamonpaper\n|player|p2|\n",
  "uploadtime": 1735753593,
  "views": 340,
  "formatid": "gen9vgc2024regh",
  "rating": 1409,
  "private": 0,
  "password": null
}