{
  "id": "gen9vgc2024regh-2273131217",
  "format": "[Gen 9] VGC 2024 Reg H",
  "players": [
    "waiseng",
    "eduardoantohe"
  ],
  "log": "|j|\u2606waiseng\n|j|\u2606eduardoantohe\n|t:|1735737186\n|gametype|doubles\n|player|p1|waiseng|1|1328\n|player|p2|eduardoantohe|lusamine-nihilego|1279\n|teamsize|p1|6\n|teamsize|p2|6\n|gen|9\n|tier|[Gen 9] VGC 2024 Reg H\n|rated|\n|rule|Species Clause: Limit one of each Pok\u00e9mon\n|rule|Item Clause: Limit 1 of each item\n|clearpoke\n|poke|p1|Amoonguss, L50, F|\n|poke|p1|Archaludon, L50, M|\n|poke|p1|Gothitelle, L50, F|\n|poke|p1|Incineroar, L50, M|\n|poke|p1|Kingdra, L50, M|\n|poke|p1|Politoed, L50, F|\n|poke|p2|Indeedee-F, L50, F|\n|poke|p2|Hatterene, L50, F|\n|poke|p2|Kingambit, L50, M|\n|poke|p2|Dusclops, L50, M|\n|poke|p2|Dragapult, L50, F|\n|poke|p2|Palafin, L50, M|\n|teampreview|4\neduardoantohe rejected open team sheets.\n|inactive|Battle timer is ON: inactive players will automatically lose when time's up. (requested by eduardoantohe)\n|\n|t:|1735737222\n|start\n|switch|p1a: \u523a\u9f8d\u738b|Kingdra, L50, M|100/100\n|switch|p1b: \u54e5\u5fb7\u5c0f\u59d0|Gothitelle, L50, F|100/100\n|switch|p2a: Hatterene|Hatterene, L50, F|100/100\n|switch|p2b: Indeedee|Indeedee-F, L50, F|100/100\n|-fieldstart|move: Psychic Terrain|[from] ability: Psychic Surge|[of] p2b: Indeedee\n|turn|1\n|inactive|waiseng has 30 seconds left.\n|\n|t:|1735737247\n|switch|p1b: \u868a\u9999\u86d9\u7687|Politoed, L50, F|100/100\n|-weather|RainDance|[from] ability: Drizzle|[of] p1b: \u868a\u9999\u86d9\u7687\n|move|p2b: Indeedee|Follow Me|p2b: Indeedee\n|-singleturn|p2b: Indeedee|move: Follow Me\n|move|p1a: \u523a\u9f8d\u738b|Muddy Water|p2a: Hatterene|[spread] p2a\n|-miss|p1a: \u523a\u9f8d\u738b|p2b: Indeedee\n|-damage|p2a: Hatterene|34/100\n|-damage|p1a: \u523a\u9f8d\u738b|91/100|[from] item: Life Orb\n|move|p2a: Hatterene|Trick Room|p2a: Hatterene\n|-fieldstart|move: Trick Room|[of] p2a: Hatterene\n|\n|-weather|RainDance|[upkeep]\n|upkeep\n|turn|2\n|inactive|waiseng has 30 seconds left.\n|\n|t:|1735737272\n|switch|p1a: \u71be\u7130\u5486\u54ee\u864e|Incineroar, L50, M|100/100\n|-ability|p1a: \u71be\u7130\u5486\u54ee\u864e|Intimidate|boost\n|-unboost|p2a: Hatterene|atk|1\n|-unboost|p2b: Indeedee|atk|1\n|move|p2a: Hatterene|Expanding Force|p1b: \u868a\u9999\u86d9\u7687|[spread] p1b\n|-immune|p1a: \u71be\u7130\u5486\u54ee\u864e\n|-damage|p1b: \u868a\u9999\u86d9\u7687|37/100\n|-damage|p2a: Hatterene|24/100|[from] item: Life Orb\n|move|p2b: Indeedee|Heal Pulse|p2a: Hatterene\n|move|p2a: Hatterene|Heal Pulse|p2b: Indeedee|[from]ability: Magic Bounce\n|-fail|p2b: Indeedee|heal\n|move|p1b: \u868a\u9999\u86d9\u7687|Weather Ball|p2a: Hatterene\n|-damage|p2a: Hatterene|0 fnt\n|faint|p2a: Hatterene\n|\n|-weather|RainDance|[upkeep]\n|-heal|p1b: \u868a\u9999\u86d9\u7687|43/100|[from] item: Leftovers\n|upkeep\n|c|\u2606eduardoantohe|oh\n|c|\u2606eduardoantohe|I didn't know that was the interaction lol\n|\n|t:|1735737296\n|switch|p2a: Kingambit|Kingambit, L50, M|100/100\n|turn|3\n|\n|t:|1735737312\n|move|p1b: \u868a\u9999\u86d9\u7687|Protect|p1b: \u868a\u9999\u86d9\u7687\n|-singleturn|p1b: \u868a\u9999\u86d9\u7687|Protect\n|move|p2b: Indeedee|Follow Me|p2b: Indeedee\n|-singleturn|p2b: Indeedee|move: Follow Me\n|move|p2a: Kingambit|Kowtow Cleave|p1b: \u868a\u9999\u86d9\u7687\n|-activate|p1b: \u868a\u9999\u86d9\u7687|move: Protect\n|move|p1a: \u71be\u7130\u5486\u54ee\u864e|Knock Off|p2b: Indeedee\n|-supereffective|p2b: Indeedee\n|-damage|p2b: Indeedee|0 fnt\n|-enditem|p2b: Indeedee|Safety Goggles|[from] move: Knock Off|[of] p1a: \u71be\u7130\u5486\u54ee\u864e\n|faint|p2b: Indeedee\n|\n|-weather|RainDance|[upkeep]\n|-heal|p1b: \u868a\u9999\u86d9\u7687|49/100|[from] item: Leftovers\n|upkeep\n|j| shihouijg6\n|\n|t:|1735737331\n|switch|p2b: Dusclops|Dusclops, L50, M|100/100\n|-item|p1a: \u71be\u7130\u5486\u54ee\u864e|Safety Goggles|[from] ability: Frisk|[of] p2b: Dusclops\n|-item|p1b: \u868a\u9999\u86d9\u7687|Leftovers|[from] ability: Frisk|[of] p2b: Dusclops\n|turn|4\n|inactive|eduardoantohe has 30 seconds left.\n|\n|t:|1735737365\n|switch|p1b: \u54e5\u5fb7\u5c0f\u59d0|Gothitelle, L50, F|100/100\n|-terastallize|p2b: Dusclops|Dark\n|move|p2b: Dusclops|Taunt|p1a: \u71be\u7130\u5486\u54ee\u864e\n|-start|p1a: \u71be\u7130\u5486\u54ee\u864e|move: Taunt\n|move|p2a: Kingambit|Kowtow Cleave|p1b: \u54e5\u5fb7\u5c0f\u59d0\n|-supereffective|p1b: \u54e5\u5fb7\u5c0f\u59d0\n|-crit|p1b: \u54e5\u5fb7\u5c0f\u59d0\n|-damage|p1b: \u54e5\u5fb7\u5c0f\u59d0|0 fnt\n|faint|p1b: \u54e5\u5fb7\u5c0f\u59d0\n|move|p1a: \u71be\u7130\u5486\u54ee\u864e|Knock Off|p2b: Dusclops\n|-resisted|p2b: Dusclops\n|-damage|p2b: Dusclops|88/100\n|-enditem|p2b: Dusclops|Eviolite|[from] move: Knock Off|[of] p1a: \u71be\u7130\u5486\u54ee\u864e\n|\n|-weather|RainDance|[upkeep]\n|upkeep\n|inactive|waiseng has 30 seconds left.\n|\n|t:|1735737392\n|switch|p1b: \u523a\u9f8d\u738b|Kingdra, L50, M|91/100\n|turn|5\n|\n|t:|1735737405\n|move|p1b: \u523a\u9f8d\u738b|Protect|p1b: \u523a\u9f8d\u738b\n|-singleturn|p1b: \u523a\u9f8d\u738b|Protect\n|move|p2b: Dusclops|Night Shade|p1a: \u71be\u7130\u5486\u54ee\u864e\n|-damage|p1a: \u71be\u7130\u5486\u54ee\u864e|76/100\n|move|p2a: Kingambit|Kowtow Cleave|p1b: \u523a\u9f8d\u738b\n|-activate|p1b: \u523a\u9f8d\u738b|move: Protect\n|move|p1a: \u71be\u7130\u5486\u54ee\u864e|Knock Off|p2a: Kingambit\n|-resisted|p2a: Kingambit\n|-damage|p2a: Kingambit|86/100\n|-enditem|p2a: Kingambit|Assault Vest|[from] move: Knock Off|[of] p1a: \u71be\u7130\u5486\u54ee\u864e\n|\n|-weather|none\n|-fieldend|move: Trick Room\n|-fieldend|move: Psychic Terrain\n|upkeep\n|turn|6\n|\n|t:|1735737425\n|switch|p1a: \u868a\u9999\u86d9\u7687|Politoed, L50, F|49/100\n|-weather|RainDance|[from] ability: Drizzle|[of] p1a: \u868a\u9999\u86d9\u7687\n|-terastallize|p1b: \u523a\u9f8d\u738b|Stellar\n|move|p2a: Kingambit|Sucker Punch|p1b: \u523a\u9f8d\u738b\n|-damage|p1b: \u523a\u9f8d\u738b|41/100\n|move|p1b: \u523a\u9f8d\u738b|Weather Ball|p2a: Kingambit\n|-damage|p2a: Kingambit|0 fnt\n|faint|p2a: Kingambit\n|-damage|p1b: \u523a\u9f8d\u738b|31/100|[from] item: Life Orb\n|move|p2b: Dusclops|Trick Room|p2b: Dusclops\n|-fieldstart|move: Trick Room|[of] p2b: Dusclops\n|\n|-weather|RainDance|[upkeep]\n|-heal|p1a: \u868a\u9999\u86d9\u7687|55/100|[from] item: Leftovers\n|upkeep\n|turn|7\n|inactive|waiseng has 30 seconds left.\n|\n|t:|1735737457\n|switch|p1b: \u71be\u7130\u5486\u54ee\u864e|Incineroar, L50, M|76/100\n|-ability|p1b: \u71be\u7130\u5486\u54ee\u864e|Intimidate|boost\n|-unboost|p2b: Dusclops|atk|1\n|move|p1a: \u868a\u9999\u86d9\u7687|Protect|p1a: \u868a\u9999\u86d9\u7687\n|-singleturn|p1a: \u868a\u9999\u86d9\u7687|Protect\n|move|p2b: Dusclops|Night Shade|p1b: \u71be\u7130\u5486\u54ee\u864e\n|-damage|p1b: \u71be\u7130\u5486\u54ee\u864e|51/100\n|\n|-weather|RainDance|[upkeep]\n|-heal|p1a: \u868a\u9999\u86d9\u7687|61/100|[from] item: Leftovers\n|upkeep\n|turn|8\n|\n|t:|1735737473\n|move|p1b: \u71be\u7130\u5486\u54ee\u864e|Fake Out|p2b: Dusclops\n|-damage|p2b: Dusclops|76/100\n|cant|p2b: Dusclops|flinch\n|move|p1a: \u868a\u9999\u86d9\u7687|Perish Song|p1a: \u868a\u9999\u86d9\u7687\n|-start|p1a: \u868a\u9999\u86d9\u7687|perish3|[silent]\n|-start|p1b: \u71be\u7130\u5486\u54ee\u864e|perish3|[silent]\n|-start|p2b: Dusclops|perish3|[silent]\n|-fieldactivate|move: Perish Song\n|\n|-weather|RainDance|[upkeep]\n|-heal|p1a: \u868a\u9999\u86d9\u7687|68/100|[from] item: Leftovers\n|-start|p2b: Dusclops|perish3\n|-start|p1b: \u71be\u7130\u5486\u54ee\u864e|perish3\n|-start|p1a: \u868a\u9999\u86d9\u7687|perish3\n|upkeep\n|turn|9\n|l|\u2606eduardoantohe\n|inactive|eduardoantohe disconnected and has a minute to reconnect!\n|player|p2|\n|inactive|eduardoantohe has 30 seconds left.\n|inactive|eduardoantohe has 20 seconds left.\n|inactive|eduardoantohe has 15 seconds left.\n|inactive|eduardoantohe has 10 seconds left.\n|inactive|eduardoantohe has 5 seconds left.\n|-message|eduardoantohe lost due to inactivity.\n|\n|win|waiseng\n|raw|waiseng's rating: 1328 &rarr; <strong>1345</strong><br />(+17 for winning)\n|raw|eduardoantohe's rating: 1279 &rarr; <strong>1258</strong><br />(-21 for losing)\n|l|\u2606waiseng\n|player|p1|\n",
  "uploadtime": 1735737813,
  "views": 28,
  "formatid": "gen9vgc2024regh",
  "rating": 1258,
  "private": 0,
  "password": null
}