{
  "id": "gen9vgc2024regh-2273118151",
  "format": "[Gen 9] VGC 2024 Reg H",
  "players": [
    "Mikisalda91",
    "ryuu13g"
  ],
  "log": "|j|\u2606Mikisalda91\n|j|\u2606ryuu13g\n|t:|1735734324\n|gametype|doubles\n|player|p1|Mikisalda91|1|1350\n|player|p2|ryuu13g|riley|1320\n|teamsize|p1|6\n|teamsize|p2|6\n|gen|9\n|tier|[Gen 9] VGC 2024 Reg H\n|rated|\n|rule|Species Clause: Limit one of each Pok\u00e9mon\n|rule|Item Clause: Limit 1 of each item\n|clearpoke\n|poke|p1|Poliwrath, L50, F|\n|poke|p1|Clefairy, L50, F|\n|poke|p1|Pelipper, L50, M|\n|poke|p1|Houndoom, L50, M|\n|poke|p1|Froslass, L50, F|\n|poke|p1|Archaludon, L50, M|\n|poke|p2|Tyranitar, L50, F|\n|poke|p2|Excadrill, L50, M|\n|poke|p2|Gholdengo, L50|\n|poke|p2|Sneasler, L50, F|\n|poke|p2|Talonflame, L50, M|\n|poke|p2|Rillaboom, L50, F|\n|teampreview|4\n|\n|t:|1735734346\n|start\n|switch|p1a: Froslass|Froslass, L50, F|100/100\n|switch|p1b: Poliwrath|Poliwrath, L50, F|100/100\n|switch|p2a: rizzler|Sneasler, L50, F|100/100\n|switch|p2b: security|Talonflame, L50, M|100/100\n|turn|1\n|\n|t:|1735734361\n|move|p1b: Poliwrath|Protect|p1b: Poliwrath\n|-singleturn|p1b: Poliwrath|Protect\n|move|p2b: security|Tailwind|p2b: security\n|-sidestart|p2: ryuu13g|move: Tailwind\n|move|p2a: rizzler|Throat Chop|p1a: Froslass\n|-supereffective|p1a: Froslass\n|-crit|p1a: Froslass\n|-enditem|p1a: Froslass|Focus Sash\n|-damage|p1a: Froslass|1/100\n|-start|p1a: Froslass|Throat Chop|[silent]\n|move|p1a: Froslass|Psychic|p2a: rizzler\n|-supereffective|p2a: rizzler\n|-damage|p2a: rizzler|0 fnt\n|faint|p2a: rizzler\n|\n|upkeep\n|\n|t:|1735734378\n|switch|p2a: mole|Excadrill, L50, M|100/100\n|turn|2\n|\n|t:|1735734386\n|switch|p1b: Clefairy|Clefairy, L50, F|100/100\n|move|p2b: security|Brave Bird|p1b: Clefairy\n|-damage|p1b: Clefairy|59/100\n|-damage|p2b: security|88/100|[from] Recoil\n|move|p2a: mole|Earthquake|p1a: Froslass|[spread] p1a,p1b\n|-immune|p2b: security\n|-crit|p1b: Clefairy\n|-damage|p1a: Froslass|0 fnt\n|-damage|p1b: Clefairy|0 fnt\n|faint|p1a: Froslass\n|faint|p1b: Clefairy\n|\n|upkeep\n|\n|t:|1735734401\n|switch|p1a: Pelipper|Pelipper, L50, M|100/100\n|switch|p1b: Poliwrath|Poliwrath, L50, F|100/100\n|-weather|RainDance|[from] ability: Drizzle|[of] p1a: Pelipper\n|turn|3\n|\n|t:|1735734414\n|switch|p2a: chunky boi|Tyranitar, L50, F|100/100\n|-weather|Sandstorm|[from] ability: Sand Stream|[of] p2a: chunky boi\n|move|p1b: Poliwrath|Protect|p1b: Poliwrath\n|-singleturn|p1b: Poliwrath|Protect\n|move|p2b: security|Brave Bird|p1b: Poliwrath\n|-activate|p1b: Poliwrath|move: Protect\n|move|p1a: Pelipper|Tailwind|p1a: Pelipper\n|-sidestart|p1: Mikisalda91|move: Tailwind\n|\n|-weather|Sandstorm|[upkeep]\n|-damage|p2b: security|82/100|[from] Sandstorm\n|-damage|p1a: Pelipper|95/100|[from] Sandstorm\n|upkeep\n|turn|4\n|\n|t:|1735734436\n|-terastallize|p1b: Poliwrath|Dragon\n|move|p2b: security|Brave Bird|p1b: Poliwrath\n|-damage|p1b: Poliwrath|54/100\n|-damage|p2b: security|63/100|[from] Recoil\n|move|p1a: Pelipper|Weather Ball|p2b: security\n|-supereffective|p2b: security\n|-damage|p2b: security|0 fnt\n|faint|p2b: security\n|move|p1b: Poliwrath|Drain Punch|p2a: chunky boi\n|-supereffective|p2a: chunky boi\n|-damage|p2a: chunky boi|0 fnt\n|-heal|p1b: Poliwrath|100/100|[from] drain|[of] p2a: chunky boi\n|faint|p2a: chunky boi\n|\n|-weather|Sandstorm|[upkeep]\n|-damage|p1a: Pelipper|89/100|[from] Sandstorm\n|-sideend|p2: ryuu13g|move: Tailwind\n|upkeep\n|\n|t:|1735734449\n|switch|p2b: mole|Excadrill, L50, M|100/100\n|turn|5\n|\n|t:|1735734459\n|move|p2b: mole|Protect|p2b: mole\n|-singleturn|p2b: mole|Protect\n|move|p1a: Pelipper|Weather Ball|p2b: mole\n|-activate|p2b: mole|move: Protect\n|move|p1b: Poliwrath|Drain Punch|p2b: mole\n|-activate|p2b: mole|move: Protect\n|\n|-weather|Sandstorm|[upkeep]\n|-damage|p1a: Pelipper|83/100|[from] Sandstorm\n|upkeep\n|turn|6\n|\n|t:|1735734470\n|move|p2b: mole|Protect||[still]\n|-fail|p2b: mole\n|move|p1a: Pelipper|Weather Ball|p2b: mole\n|-resisted|p2b: mole\n|-damage|p2b: mole|91/100\n|move|p1b: Poliwrath|Drain Punch|p2b: mole\n|-supereffective|p2b: mole\n|-damage|p2b: mole|0 fnt\n|faint|p2b: mole\n|\n|win|Mikisalda91\n|raw|Mikisalda91's rating: 1350 &rarr; <strong>1368</strong><br />(+18 for winning)\n|raw|ryuu13g's rating: 1320 &rarr; <strong>1302</strong><br />(-18 for losing)\n|c|\u2606ryuu13g|gg\n|l|\u2606Mikisalda91\n|player|p1|\n|l|\u2606ryuu13g\n|player|p2|\n",
  "uploadtime": 1735734755,
  "views": 15,
  "formatid": "gen9vgc2024regh",
  "rating": 1302,
  "private": 0,
  "password": null
}