{
  "id": "gen9vgc2024regh-2273185810",
  "format": "[Gen 9] VGC 2024 Reg H",
  "players": [
    "GhostB01",
    "sillyfrog2003"
  ],
  "log": "|j|\u2606GhostB01\n|j|\u2606sillyfrog2003\n|t:|1735746881\n|gametype|doubles\n|player|p1|GhostB01|benga|1100\n|player|p2|sillyfrog2003|guitarist|1139\n|teamsize|p1|6\n|teamsize|p2|6\n|gen|9\n|tier|[Gen 9] VGC 2024 Reg H\n|rated|\n|rule|Species Clause: Limit one of each Pok\u00e9mon\n|rule|Item Clause: Limit 1 of each item\n|clearpoke\n|poke|p1|Ceruledge, L50, M|\n|poke|p1|Gastrodon, L50, M|\n|poke|p1|Ursaluna-Bloodmoon, L50, M|\n|poke|p1|Incineroar, L50, F|\n|poke|p1|Raichu-Alola, L50, F|\n|poke|p1|Greninja-*, L50, M|\n|poke|p2|Porygon-Z, L50|\n|poke|p2|Ninetales-Alola, L50, M|\n|poke|p2|Whimsicott, L50, M|\n|poke|p2|Meowscarada, L50, M|\n|poke|p2|Flamigo, L50, F|\n|poke|p2|Garchomp, L50, M|\n|teampreview|4\n|inactive|Battle timer is ON: inactive players will automatically lose when time's up. (requested by GhostB01)\n|inactive|GhostB01 has 60 seconds left.\n|\n|t:|1735746934\n|start\n|switch|p1a: Gastrodon|Gastrodon, L50, M|100/100\n|switch|p1b: Incineroar|Incineroar, L50, F|100/100\n|switch|p2a: Garchomp|Garchomp, L50, M|100/100\n|switch|p2b: Flamigo|Flamigo, L50, F|100/100\n|-ability|p1b: Incineroar|Intimidate|boost\n|-unboost|p2a: Garchomp|atk|1\n|-fail|p2b: Flamigo|unboost|Attack|[from] ability: Scrappy|[of] p2b: Flamigo\n|turn|1\n|\n|t:|1735746949\n|move|p1b: Incineroar|Fake Out|p2b: Flamigo\n|-damage|p2b: Flamigo|84/100\n|move|p2a: Garchomp|Earthquake|p1b: Incineroar|[spread] p1a,p1b\n|-immune|p2b: Flamigo\n|-supereffective|p1b: Incineroar\n|-damage|p1a: Gastrodon|66/100\n|-damage|p1b: Incineroar|23/100\n|cant|p2b: Flamigo|flinch\n|move|p1a: Gastrodon|Yawn|p2a: Garchomp\n|-start|p2a: Garchomp|move: Yawn|[of] p1a: Gastrodon\n|\n|-heal|p1a: Gastrodon|72/100|[from] item: Leftovers\n|upkeep\n|turn|2\n|\n|t:|1735746960\n|switch|p2a: Meowscarada|Meowscarada, L50, M|100/100\n|move|p2b: Flamigo|Close Combat|p1a: Gastrodon\n|-damage|p1a: Gastrodon|21/100\n|-unboost|p2b: Flamigo|def|1\n|-unboost|p2b: Flamigo|spd|1\n|-enditem|p2b: Flamigo|White Herb\n|-clearnegativeboost|p2b: Flamigo|[silent]\n|move|p1b: Incineroar|U-turn|p2b: Flamigo\n|-resisted|p2b: Flamigo\n|-damage|p2b: Flamigo|78/100\n|\n|t:|1735746970\n|switch|p1b: Ceruledge|Ceruledge, L50, M, shiny|100/100|[from] U-turn\n|move|p1a: Gastrodon|Ice Beam|p2a: Meowscarada\n|-supereffective|p2a: Meowscarada\n|-damage|p2a: Meowscarada|37/100\n|\n|-heal|p1a: Gastrodon|27/100|[from] item: Leftovers\n|upkeep\n|turn|3\n|\n|t:|1735746983\n|move|p2a: Meowscarada|Knock Off|p1b: Ceruledge\n|-start|p2a: Meowscarada|typechange|Dark|[from] ability: Protean\n|-supereffective|p1b: Ceruledge\n|-enditem|p1b: Ceruledge|Focus Sash\n|-damage|p1b: Ceruledge|1/100\n|-ability|p1b: Ceruledge|Weak Armor|boost\n|-unboost|p1b: Ceruledge|def|1\n|-boost|p1b: Ceruledge|spe|2\n|move|p1b: Ceruledge|Swords Dance|p1b: Ceruledge\n|-boost|p1b: Ceruledge|atk|2\n|move|p2b: Flamigo|Acrobatics|p1a: Gastrodon\n|-damage|p1a: Gastrodon|0 fnt\n|faint|p1a: Gastrodon\n|\n|upkeep\n|\n|t:|1735746995\n|switch|p1a: Incineroar|Incineroar, L50, F|23/100\n|-ability|p1a: Incineroar|Intimidate|boost\n|-unboost|p2a: Meowscarada|atk|1\n|-fail|p2b: Flamigo|unboost|Attack|[from] ability: Scrappy|[of] p2b: Flamigo\n|turn|4\n|\n|t:|1735747003\n|move|p1a: Incineroar|Fake Out|p2a: Meowscarada\n|-damage|p2a: Meowscarada|20/100\n|cant|p2a: Meowscarada|flinch\n|move|p1b: Ceruledge|Bitter Blade|p2b: Flamigo\n|-damage|p2b: Flamigo|0 fnt\n|-heal|p1b: Ceruledge|42/100|[from] drain|[of] p2b: Flamigo\n|faint|p2b: Flamigo\n|\n|upkeep\n|\n|t:|1735747012\n|switch|p2b: Garchomp|Garchomp, L50, M|100/100\n|turn|5\n|\n|t:|1735747019\n|move|p2a: Meowscarada|Knock Off|p1b: Ceruledge\n|-supereffective|p1b: Ceruledge\n|-damage|p1b: Ceruledge|0 fnt\n|faint|p1b: Ceruledge\n|move|p2b: Garchomp|Earthquake|p1a: Incineroar|[spread] p2a,p1a\n|-supereffective|p1a: Incineroar\n|-damage|p2a: Meowscarada|0 fnt\n|-damage|p1a: Incineroar|0 fnt\n|faint|p2a: Meowscarada\n|faint|p1a: Incineroar\n|\n|upkeep\n|\n|t:|1735747033\n|switch|p2a: Whimsicott|Whimsicott, L50, M|100/100\n|switch|p1b: Raichu|Raichu-Alola, L50, F|100/100\n|-item|p1b: Raichu|Air Balloon\n|turn|6\n|\n|t:|1735747043\n|-terastallize|p1b: Raichu|Fairy\n|move|p1b: Raichu|Draining Kiss|p2b: Garchomp\n|-supereffective|p2b: Garchomp\n|-damage|p2b: Garchomp|47/100\n|-damage|p1b: Raichu|89/100|[from] ability: Rough Skin|[of] p2b: Garchomp\n|move|p2b: Garchomp|Earthquake|p1b: Raichu|[spread] p2a\n|-immune|p1b: Raichu\n|-resisted|p2a: Whimsicott\n|-damage|p2a: Whimsicott|76/100\n|move|p2a: Whimsicott|Moonblast|p1b: Raichu\n|-crit|p1b: Raichu\n|-damage|p1b: Raichu|26/100\n|-enditem|p1b: Raichu|Air Balloon\n|\n|upkeep\n|turn|7\n|-message|GhostB01 forfeited.\n|\n|win|sillyfrog2003\n|raw|GhostB01's rating: 1100 &rarr; <strong>1078</strong><br />(-22 for losing)\n|raw|sillyfrog2003's rating: 1139 &rarr; <strong>1161</strong><br />(+22 for winning)\n|l|\u2606GhostB01\n|player|p1|\n|l|\u2606sillyfrog2003\n|player|p2|\n",
  "uploadtime": 1735747366,
  "views": 116,
  "formatid": "gen9vgc2024regh",
  "rating": 1078,
  "private": 0,
  "password": null
}