{
  "id": "gen9vgc2024regh-2273138252",
  "format": "[Gen 9] VGC 2024 Reg H",
  "players": [
    "lapokenostra",
    "Scheederderechte"
  ],
  "log": "|j|\u2606lapokenostra\n|j|\u2606Scheederderechte\n|t:|1735738636\n|gametype|doubles\n|player|p1|lapokenostra|266|1080\n|player|p2|Scheederderechte|2|1150\n|teamsize|p1|6\n|teamsize|p2|6\n|gen|9\n|tier|[Gen 9] VGC 2024 Reg H\n|rated|\n|rule|Species Clause: Limit one of each Pok\u00e9mon\n|rule|Item Clause: Limit 1 of each item\n|clearpoke\n|poke|p1|Sinistcha-Masterpiece, L50|\n|poke|p1|Dragonite, L50, F|\n|poke|p1|Incineroar, L50, M|\n|poke|p1|Ursaluna, L50, M|\n|poke|p1|Archaludon, L50, F|\n|poke|p1|Pelipper, L50, F|\n|poke|p2|Ambipom, L50, F|\n|poke|p2|Archaludon, L50, F|\n|poke|p2|Florges, L50, F|\n|poke|p2|Lucario, L50, F|\n|poke|p2|Pelipper, L50, F|\n|poke|p2|Incineroar, L50, F|\n|teampreview|4\n|\n|t:|1735738706\n|start\n|switch|p1a: Sinistcha|Sinistcha-Masterpiece, L50|100/100\n|switch|p1b: Dragonite|Dragonite, L50, F|100/100\n|switch|p2a: Ambipom|Ambipom, L50, F|100/100\n|switch|p2b: Archaludon|Archaludon, L50, F|100/100\n|turn|1\n|inactive|Battle timer is ON: inactive players will automatically lose when time's up. (requested by lapokenostra)\n|inactive|Scheederderechte has 60 seconds left.\n|\n|t:|1735738758\n|move|p1b: Dragonite|Protect|p1b: Dragonite\n|-singleturn|p1b: Dragonite|Protect\n|move|p2a: Ambipom|Triple Axel|p1a: Sinistcha\n|-supereffective|p1a: Sinistcha\n|-damage|p1a: Sinistcha|84/100\n|-supereffective|p1a: Sinistcha\n|-damage|p1a: Sinistcha|53/100\n|-supereffective|p1a: Sinistcha\n|-damage|p1a: Sinistcha|9/100\n|-enditem|p1a: Sinistcha|Sitrus Berry|[eat]\n|-heal|p1a: Sinistcha|34/100|[from] item: Sitrus Berry\n|-hitcount|p1a: Sinistcha|3\n|move|p2b: Archaludon|Draco Meteor|p1a: Sinistcha\n|-damage|p1a: Sinistcha|0 fnt\n|-unboost|p2b: Archaludon|spa|2\n|faint|p1a: Sinistcha\n|\n|upkeep\n|\n|t:|1735738779\n|switch|p1a: Archaludon|Archaludon, L50, F|100/100\n|turn|2\n|\n|t:|1735738797\n|switch|p2b: Florges|Florges, L50, F|100/100\n|move|p2a: Ambipom|Triple Axel|p1b: Dragonite\n|-supereffective|p1b: Dragonite\n|-damage|p1b: Dragonite|81/100\n|-supereffective|p1b: Dragonite\n|-damage|p1b: Dragonite|8/100\n|-supereffective|p1b: Dragonite\n|-damage|p1b: Dragonite|0 fnt\n|faint|p1b: Dragonite\n|-hitcount|p1: Dragonite|3\n|move|p1a: Archaludon|Body Press|p2b: Florges\n|-resisted|p2b: Florges\n|-damage|p2b: Florges|87/100\n|\n|upkeep\n|\n|t:|1735738813\n|switch|p1b: Pelipper|Pelipper, L50, F|100/100\n|-weather|RainDance|[from] ability: Drizzle|[of] p1b: Pelipper\n|turn|3\n|inactive|Scheederderechte has 30 seconds left.\n|inactive|Scheederderechte has 20 seconds left.\n|inactive|Scheederderechte has 15 seconds left.\n|inactive|Scheederderechte has 10 seconds left.\n|\n|t:|1735738863\n|move|p2b: Florges|Protect|p2b: Florges\n|-singleturn|p2b: Florges|Protect\n|move|p2a: Ambipom|U-turn|p1b: Pelipper\n|-resisted|p1b: Pelipper\n|-damage|p1b: Pelipper|87/100\n|\n|t:|1735738880\n|switch|p2a: Archaludon|Archaludon, L50, F|100/100|[from] U-turn\n|move|p1a: Archaludon|Flash Cannon|p2b: Florges\n|-activate|p2b: Florges|move: Protect\n|move|p1b: Pelipper|Muddy Water|p2a: Archaludon|[spread] p2a\n|-activate|p2b: Florges|move: Protect\n|-resisted|p2a: Archaludon\n|-damage|p2a: Archaludon|82/100\n|-unboost|p2a: Archaludon|accuracy|1\n|-ability|p2a: Archaludon|Stamina|boost\n|-boost|p2a: Archaludon|def|1\n|\n|-weather|RainDance|[upkeep]\n|upkeep\n|turn|4\n|inactive|Scheederderechte has 30 seconds left.\n|inactive|Scheederderechte has 20 seconds left.\n|inactive|Scheederderechte has 15 seconds left.\n|inactive|Scheederderechte has 10 seconds left.\n|inactive|Scheederderechte has 5 seconds left.\n|\n|t:|1735738935\n|move|p2b: Florges|Protect|p2b: Florges\n|-singleturn|p2b: Florges|Protect\n|move|p1b: Pelipper|Wide Guard|p1b: Pelipper\n|-singleturn|p1b: Pelipper|Wide Guard\n|move|p2a: Archaludon|Draco Meteor|p1a: Archaludon|[miss]\n|-miss|p2a: Archaludon|p1a: Archaludon\n|move|p1a: Archaludon|Flash Cannon|p2b: Florges\n|-activate|p2b: Florges|move: Protect\n|\n|-weather|RainDance|[upkeep]\n|upkeep\n|turn|5\n|inactive|Scheederderechte has 30 seconds left.\n|\n|t:|1735738961\n|switch|p2b: Ambipom|Ambipom, L50, F|100/100\n|move|p2a: Archaludon|Electro Shot||[still]\n|-prepare|p2a: Archaludon|Electro Shot\n|-boost|p2a: Archaludon|spa|1\n|-anim|p2a: Archaludon|Electro Shot|p1b: Pelipper\n|-supereffective|p1b: Pelipper\n|-damage|p1b: Pelipper|0 fnt\n|faint|p1b: Pelipper\n|move|p1a: Archaludon|Flash Cannon|p2b: Ambipom\n|-damage|p2b: Ambipom|44/100\n|\n|-weather|RainDance|[upkeep]\n|upkeep\n|turn|6\n|inactive|lapokenostra has 30 seconds left.\n|inactive|Scheederderechte has 30 seconds left.\n|inactive|Scheederderechte has 20 seconds left.\n|inactive|Scheederderechte has 15 seconds left.\n|inactive|Scheederderechte has 10 seconds left.\n|inactive|Scheederderechte has 5 seconds left.\n|\n|t:|1735739016\n|move|p2b: Ambipom|Fake Out|p1a: Archaludon\n|-enditem|p2b: Ambipom|Normal Gem|[from] gem\n|-resisted|p1a: Archaludon\n|-damage|p1a: Archaludon|90/100\n|-ability|p1a: Archaludon|Stamina|boost\n|-boost|p1a: Archaludon|def|1\n|move|p2a: Archaludon|Draco Meteor|p1a: Archaludon|[miss]\n|-miss|p2a: Archaludon|p1a: Archaludon\n|cant|p1a: Archaludon|flinch\n|\n|-weather|RainDance|[upkeep]\n|upkeep\n|turn|7\n|-message|lapokenostra forfeited.\n|\n|win|Scheederderechte\n|raw|lapokenostra's rating: 1080 &rarr; <strong>1062</strong><br />(-18 for losing)\n|raw|Scheederderechte's rating: 1150 &rarr; <strong>1170</strong><br />(+20 for winning)\n|l|\u2606lapokenostra\n|player|p1|\n|l|\u2606Scheederderechte\n|player|p2|\n",
  "uploadtime": 1735739336,
  "views": 29,
  "formatid": "gen9vgc2024regh",
  "rating": 1062,
  "private": 0,
  "password": null
}