{
  "id": "gen9vgc2024regh-2273107042",
  "format": "[Gen 9] VGC 2024 Reg H",
  "players": [
    "evolvingace21",
    "TviTornado132"
  ],
  "log": "|j|\u2606evolvingace21\n|j|\u2606TviTornado132\n|t:|1735731704\n|gametype|doubles\n|player|p1|evolvingace21|grimsley|1367\n|player|p2|TviTornado132|101|1414\n|teamsize|p1|6\n|teamsize|p2|6\n|gen|9\n|tier|[Gen 9] VGC 2024 Reg H\n|rated|\n|rule|Species Clause: Limit one of each Pok\u00e9mon\n|rule|Item Clause: Limit 1 of each item\n|clearpoke\n|poke|p1|Ursaluna, L50, M|\n|poke|p1|Incineroar, L50, M|\n|poke|p1|Annihilape, L50, F|\n|poke|p1|Hydrapple, L50, M|\n|poke|p1|Gengar, L50, M|\n|poke|p1|Magnezone, L50|\n|poke|p2|Annihilape, L50, M|\n|poke|p2|Primarina, L50, M|\n|poke|p2|Dragonite, L50, M|\n|poke|p2|Incineroar, L50, M|\n|poke|p2|Ursaluna, L50, F|\n|poke|p2|Rillaboom, L50, F|\n|teampreview|4\n|inactive|Battle timer is ON: inactive players will automatically lose when time's up. (requested by evolvingace21)\n|\n|t:|1735731733\n|start\n|switch|p1a: Magnezone|Magnezone, L50|100/100\n|switch|p1b: Gengar|Gengar, L50, M|100/100\n|switch|p2a: Annihilape|Annihilape, L50, M|100/100\n|switch|p2b: Primarina|Primarina, L50, M|100/100\n|turn|1\n|inactive|TviTornado132 has 30 seconds left.\n|\n|t:|1735731761\n|switch|p2b: Ursaluna|Ursaluna, L50, F|100/100\n|move|p2a: Annihilape|Phantom Force||[still]\n|-prepare|p2a: Annihilape|Phantom Force\n|move|p1a: Magnezone|Thunderbolt|p2b: Ursaluna\n|-immune|p2b: Ursaluna\n|move|p1b: Gengar|Trick Room|p1b: Gengar\n|-fieldstart|move: Trick Room|[of] p1b: Gengar\n|\n|upkeep\n|turn|2\n|inactive|evolvingace21 has 30 seconds left.\n|\n|t:|1735731796\n|switch|p1b: Ursaluna|Ursaluna, L50, M|100/100\n|move|p2b: Ursaluna|Headlong Rush|p1a: Magnezone\n|-supereffective|p1a: Magnezone\n|-ability|p1a: Magnezone|Sturdy\n|-damage|p1a: Magnezone|1/100\n|-unboost|p2b: Ursaluna|def|1\n|-unboost|p2b: Ursaluna|spd|1\n|-enditem|p1a: Magnezone|Weakness Policy\n|-boost|p1a: Magnezone|atk|2|[from] item: Weakness Policy\n|-boost|p1a: Magnezone|spa|2|[from] item: Weakness Policy\n|move|p1a: Magnezone|Volt Switch|p2a: Annihilape|[miss]\n|-miss|p1a: Magnezone|p2a: Annihilape\n|move|p2a: Annihilape|Phantom Force|p1b: Ursaluna|[from]lockedmove\n|-immune|p1b: Ursaluna\n|\n|-status|p1b: Ursaluna|brn|[from] item: Flame Orb\n|upkeep\n|turn|3\n|inactive|evolvingace21 has 30 seconds left.\n|inactive|TviTornado132 has 30 seconds left.\n|\n|t:|1735731827\n|switch|p2a: Incineroar|Incineroar, L50, M|100/100\n|-ability|p2a: Incineroar|Intimidate|boost\n|-unboost|p1a: Magnezone|atk|1\n|-unboost|p1b: Ursaluna|atk|1\n|-terastallize|p1b: Ursaluna|Ghost\n|move|p1b: Ursaluna|Facade|p2b: Ursaluna\n|-damage|p2b: Ursaluna|10/100\n|move|p2b: Ursaluna|Ice Punch|p1a: Magnezone\n|-resisted|p1a: Magnezone\n|-damage|p1a: Magnezone|0 fnt\n|faint|p1a: Magnezone\n|\n|-damage|p1b: Ursaluna|95/100 brn|[from] brn\n|upkeep\n|\n|t:|1735731843\n|switch|p1a: Hydrapple|Hydrapple, L50, M, shiny|100/100\n|-ability|p1a: Hydrapple|Supersweet Syrup\n|-unboost|p2a: Incineroar|evasion|1\n|-unboost|p2b: Ursaluna|evasion|1\n|turn|4\n|inactive|evolvingace21 has 30 seconds left.\n|inactive|TviTornado132 has 30 seconds left.\n|\n|t:|1735731869\n|switch|p2a: Primarina|Primarina, L50, M|100/100\n|move|p1b: Ursaluna|Earthquake|p2b: Ursaluna|[spread] p1a,p2a,p2b\n|-resisted|p1a: Hydrapple\n|-damage|p1a: Hydrapple|84/100\n|-damage|p2a: Primarina|39/100\n|-damage|p2b: Ursaluna|0 fnt\n|faint|p2b: Ursaluna\n|move|p1a: Hydrapple|Earth Power|p2a: Primarina\n|-damage|p2a: Primarina|2/100\n|\n|-damage|p1b: Ursaluna|89/100 brn|[from] brn\n|upkeep\n|\n|t:|1735731881\n|switch|p2b: Incineroar|Incineroar, L50, M|100/100\n|-ability|p2b: Incineroar|Intimidate|boost\n|-unboost|p1a: Hydrapple|atk|1\n|-unboost|p1b: Ursaluna|atk|1\n|turn|5\n|\n|t:|1735731892\n|move|p2b: Incineroar|Fake Out|p1a: Hydrapple\n|-damage|p1a: Hydrapple|74/100\n|move|p1b: Ursaluna|Earthquake|p2a: Primarina|[spread] p1a,p2a,p2b\n|-resisted|p1a: Hydrapple\n|-supereffective|p2b: Incineroar\n|-damage|p1a: Hydrapple|60/100\n|-damage|p2a: Primarina|0 fnt\n|-damage|p2b: Incineroar|44/100\n|faint|p2a: Primarina\n|cant|p1a: Hydrapple|flinch\n|\n|-damage|p1b: Ursaluna|83/100 brn|[from] brn\n|-fieldend|move: Trick Room\n|upkeep\n|\n|t:|1735731904\n|switch|p2a: Annihilape|Annihilape, L50, M|100/100\n|turn|6\n|inactive|TviTornado132 has 30 seconds left.\n|\n|t:|1735731933\n|move|p1b: Ursaluna|Protect|p1b: Ursaluna\n|-singleturn|p1b: Ursaluna|Protect\n|move|p2a: Annihilape|Phantom Force||[still]\n|-prepare|p2a: Annihilape|Phantom Force\n|move|p2b: Incineroar|Knock Off|p1b: Ursaluna\n|-activate|p1b: Ursaluna|move: Protect\n|move|p1a: Hydrapple|Earth Power|p2b: Incineroar\n|-supereffective|p2b: Incineroar\n|-damage|p2b: Incineroar|0 fnt\n|faint|p2b: Incineroar\n|\n|-damage|p1b: Ursaluna|77/100 brn|[from] brn\n|upkeep\n|turn|7\n|\n|t:|1735731954\n|switch|p1b: Gengar|Gengar, L50, M|100/100\n|move|p2a: Annihilape|Phantom Force|p1a: Hydrapple|[from]lockedmove\n|-damage|p1a: Hydrapple|28/100\n|move|p1a: Hydrapple|Earth Power|p2a: Annihilape\n|-damage|p2a: Annihilape|46/100\n|\n|upkeep\n|turn|8\n|\n|t:|1735731972\n|move|p2a: Annihilape|Phantom Force||[still]\n|-prepare|p2a: Annihilape|Phantom Force\n|move|p1b: Gengar|Shadow Ball|p2a: Annihilape|[miss]\n|-miss|p1b: Gengar|p2a: Annihilape\n|move|p1a: Hydrapple|Earth Power|p2a: Annihilape|[miss]\n|-miss|p1a: Hydrapple|p2a: Annihilape\n|\n|upkeep\n|turn|9\n|\n|t:|1735731981\n|switch|p1a: Ursaluna|Ursaluna, L50, M, tera:Ghost|77/100 brn\n|move|p2a: Annihilape|Phantom Force|p1b: Gengar|[from]lockedmove\n|-supereffective|p1b: Gengar\n|-enditem|p1b: Gengar|Focus Sash\n|-damage|p1b: Gengar|1/100\n|-start|p2a: Annihilape|Disable|Phantom Force|[from] ability: Cursed Body|[of] p1b: Gengar\n|move|p1b: Gengar|Shadow Ball|p2a: Annihilape\n|-supereffective|p2a: Annihilape\n|-damage|p2a: Annihilape|0 fnt\n|faint|p2a: Annihilape\n|\n|win|evolvingace21\n|raw|evolvingace21's rating: 1367 &rarr; <strong>1390</strong><br />(+23 for winning)\n|raw|TviTornado132's rating: 1414 &rarr; <strong>1391</strong><br />(-23 for losing)\n|l|\u2606TviTornado132\n|player|p2|\n|l|\u2606evolvingace21\n|player|p1|\n",
  "uploadtime": 1735732381,
  "views": 18,
  "formatid": "gen9vgc2024regh",
  "rating": 1390,
  "private": 0,
  "password": null
}