{
  "id": "gen9vgc2024regh-2273129020",
  "format": "[Gen 9] VGC 2024 Reg H",
  "players": [
    "KineticXCat",
    "Erfiero"
  ],
  "log": "|j|\u2606KineticXCat\n|j|\u2606Erfiero\n|t:|1735736717\n|gametype|doubles\n|player|p1|KineticXCat|265|1413\n|player|p2|Erfiero|clay|1548\n|teamsize|p1|6\n|teamsize|p2|6\n|gen|9\n|tier|[Gen 9] VGC 2024 Reg H\n|rated|\n|rule|Species Clause: Limit one of each Pok\u00e9mon\n|rule|Item Clause: Limit 1 of each item\n|clearpoke\n|poke|p1|Rillaboom, L50, F|\n|poke|p1|Primarina, L50, F|\n|poke|p1|Blaziken, L50, M|\n|poke|p1|Ninetales-Alola, L50, F|\n|poke|p1|Gholdengo, L50|\n|poke|p1|Dragonite, L50, M|\n|poke|p2|Tyranitar, L50, M|\n|poke|p2|Excadrill, L50, F|\n|poke|p2|Kommo-o, L50, M|\n|poke|p2|Rillaboom, L50, M|\n|poke|p2|Clefable, L50, M|\n|poke|p2|Gholdengo, L50|\n|teampreview|4\n|c|\u2606KineticXCat|Glhf :)\nKineticXCat has agreed to open team sheets.\n|inactive|Battle timer is ON: inactive players will automatically lose when time's up. (requested by Erfiero)\n|inactive|Erfiero has 60 seconds left.\n|inactive|KineticXCat has 60 seconds left.\n|inactive|Erfiero has 30 seconds left.\n|inactive|KineticXCat has 30 seconds left.\n|inactive|Erfiero has 20 seconds left.\n|inactive|Erfiero has 15 seconds left.\n|inactive|KineticXCat has 20 seconds left.\n|inactive|Erfiero has 10 seconds left.\n|inactive|Erfiero has 5 seconds left.\n|\n|t:|1735736835\n|start\n|switch|p1a: Dragonite|Dragonite, L50, M|100/100\n|switch|p1b: Primarina|Primarina, L50, F|100/100\n|switch|p2a: Tyranitar|Tyranitar, L50, M|100/100\n|switch|p2b: Excadrill|Excadrill, L50, F|100/100\n|-weather|Sandstorm|[from] ability: Sand Stream|[of] p2a: Tyranitar\n|turn|1\n|\n|t:|1735736850\n|move|p1b: Primarina|Protect|p1b: Primarina\n|-singleturn|p1b: Primarina|Protect\n|move|p2b: Excadrill|Rock Slide|p1a: Dragonite|[spread] p1a\n|-activate|p1b: Primarina|move: Protect\n|-supereffective|p1a: Dragonite\n|-damage|p1a: Dragonite|49/100\n|move|p1a: Dragonite|Tailwind|p1a: Dragonite\n|-sidestart|p1: KineticXCat|move: Tailwind\n|move|p2a: Tyranitar|Rock Slide|p1a: Dragonite|[spread] p1a\n|-activate|p1b: Primarina|move: Protect\n|-supereffective|p1a: Dragonite\n|-damage|p1a: Dragonite|0 fnt\n|faint|p1a: Dragonite\n|\n|-weather|Sandstorm|[upkeep]\n|-damage|p1b: Primarina|95/100|[from] Sandstorm\n|upkeep\n|\n|t:|1735736871\n|switch|p1a: Gholdengo|Gholdengo, L50|100/100\n|turn|2\n|\n|t:|1735736881\n|move|p2b: Excadrill|High Horsepower|p1a: Gholdengo\n|-supereffective|p1a: Gholdengo\n|-damage|p1a: Gholdengo|0 fnt\n|faint|p1a: Gholdengo\n|move|p1b: Primarina|Hyper Voice|p2a: Tyranitar|[spread] p2a,p2b\n|-supereffective|p2a: Tyranitar\n|-supereffective|p2b: Excadrill\n|-damage|p2a: Tyranitar|72/100\n|-damage|p2b: Excadrill|0 fnt\n|faint|p2b: Excadrill\n|-enditem|p1b: Primarina|Throat Spray\n|-boost|p1b: Primarina|spa|1|[from] item: Throat Spray\n|move|p2a: Tyranitar|Knock Off|p1b: Primarina\n|-resisted|p1b: Primarina\n|-damage|p1b: Primarina|73/100\n|\n|-weather|Sandstorm|[upkeep]\n|-damage|p1b: Primarina|67/100|[from] Sandstorm\n|upkeep\n|\n|t:|1735736895\n|switch|p2b: Rillaboom|Rillaboom, L50, M|100/100\n|switch|p1a: Blaziken|Blaziken, L50, M|100/100\n|-fieldstart|move: Grassy Terrain|[from] ability: Grassy Surge|[of] p2b: Rillaboom\n|turn|3\n|inactive|KineticXCat has 30 seconds left.\n|\n|t:|1735736926\n|-terastallize|p1a: Blaziken|Fighting\n|move|p1b: Primarina|Protect|p1b: Primarina\n|-singleturn|p1b: Primarina|Protect\n|move|p2b: Rillaboom|Grassy Glide|p1b: Primarina\n|-activate|p1b: Primarina|move: Protect\n|move|p1a: Blaziken|Heat Wave|p2b: Rillaboom|[spread] p2a,p2b\n|-resisted|p2a: Tyranitar\n|-supereffective|p2b: Rillaboom\n|-damage|p2a: Tyranitar|63/100\n|-damage|p2b: Rillaboom|9/100\n|-status|p2b: Rillaboom|brn\n|-damage|p1a: Blaziken|90/100|[from] item: Life Orb\n|move|p2a: Tyranitar|Rock Slide|p1b: Primarina|[spread] \n|-activate|p1b: Primarina|move: Protect\n|-miss|p2a: Tyranitar|p1a: Blaziken\n|\n|-weather|Sandstorm|[upkeep]\n|-damage|p1a: Blaziken|85/100|[from] Sandstorm\n|-damage|p1b: Primarina|61/100|[from] Sandstorm\n|-damage|p2b: Rillaboom|3/100 brn|[from] Sandstorm\n|-heal|p1a: Blaziken|90/100|[from] Grassy Terrain\n|-heal|p1b: Primarina|67/100|[from] Grassy Terrain\n|-heal|p2b: Rillaboom|9/100 brn|[from] Grassy Terrain\n|-heal|p2a: Tyranitar|68/100|[from] Grassy Terrain\n|-damage|p2b: Rillaboom|3/100 brn|[from] brn\n|-ability|p1a: Blaziken|Speed Boost|boost\n|-boost|p1a: Blaziken|spe|1\n|upkeep\n|turn|4\n|inactive|KineticXCat has 30 seconds left.\n|inactive|KineticXCat has 20 seconds left.\n|inactive|KineticXCat has 15 seconds left.\n|inactive|KineticXCat has 10 seconds left.\n|\n|t:|1735736973\n|-terastallize|p2a: Tyranitar|Flying\n|move|p2b: Rillaboom|Grassy Glide|p1b: Primarina\n|-supereffective|p1b: Primarina\n|-damage|p1b: Primarina|19/100\n|move|p1a: Blaziken|Aura Sphere|p2a: Tyranitar\n|-resisted|p2a: Tyranitar\n|-damage|p2a: Tyranitar|49/100\n|-damage|p1a: Blaziken|80/100|[from] item: Life Orb\n|move|p1b: Primarina|Hyper Voice|p2a: Tyranitar|[spread] p2a,p2b\n|-resisted|p2b: Rillaboom\n|-damage|p2a: Tyranitar|15/100\n|-damage|p2b: Rillaboom|0 fnt\n|faint|p2b: Rillaboom\n|move|p2a: Tyranitar|Tera Blast|p1a: Blaziken|[anim] Tera Blast Flying\n|-supereffective|p1a: Blaziken\n|-damage|p1a: Blaziken|0 fnt\n|faint|p1a: Blaziken\n|\n|-weather|Sandstorm|[upkeep]\n|-damage|p1b: Primarina|13/100|[from] Sandstorm\n|-damage|p2a: Tyranitar|10/100|[from] Sandstorm\n|-heal|p1b: Primarina|19/100|[from] Grassy Terrain\n|-sideend|p1: KineticXCat|move: Tailwind\n|upkeep\n|\n|t:|1735736989\n|switch|p2b: Gholdengo|Gholdengo, L50|100/100\n|turn|5\n|\n|t:|1735736997\n|move|p2b: Gholdengo|Shadow Ball|p1b: Primarina\n|-damage|p1b: Primarina|0 fnt\n|faint|p1b: Primarina\n|-damage|p2b: Gholdengo|91/100|[from] item: Life Orb\n|\n|win|Erfiero\n|raw|KineticXCat's rating: 1413 &rarr; <strong>1400</strong><br />(-13 for losing)\n|raw|Erfiero's rating: 1548 &rarr; <strong>1561</strong><br />(+13 for winning)\n|c|\u2606KineticXCat|Ggs\n|l|\u2606KineticXCat\n|player|p1|\n|l|\u2606Erfiero\n|player|p2|\n",
  "uploadtime": 1735737398,
  "views": 24,
  "formatid": "gen9vgc2024regh",
  "rating": 1400,
  "private": 0,
  "password": null
}