{
  "id": "gen9vgc2024regh-2273189676",
  "format": "[Gen 9] VGC 2024 Reg H",
  "players": [
    "Tikotron3826",
    "jar55"
  ],
  "log": "|j|\u2606Tikotron3826\n|j|\u2606jar55\n|t:|1735747474\n|gametype|doubles\n|player|p1|Tikotron3826|102|1347\n|player|p2|jar55|102|1352\n|teamsize|p1|6\n|teamsize|p2|6\n|gen|9\n|tier|[Gen 9] VGC 2024 Reg H\n|rated|\n|rule|Species Clause: Limit one of each Pok\u00e9mon\n|rule|Item Clause: Limit 1 of each item\n|clearpoke\n|poke|p1|Corviknight, L50, F|\n|poke|p1|Incineroar, L50, F|\n|poke|p1|Gastrodon, L50, M|\n|poke|p1|Amoonguss, L50, M|\n|poke|p1|Hydreigon, L50, M|\n|poke|p1|Zoroark-Hisui, L50, M|\n|poke|p2|Altaria, L50, F|\n|poke|p2|Rotom-Wash, L50|\n|poke|p2|Incineroar, L50, M|\n|poke|p2|Sylveon, L50, F|\n|poke|p2|Gothitelle, L50, F|\n|poke|p2|Gallade, L50, M|\n|teampreview|4\n|inactive|Battle timer is ON: inactive players will automatically lose when time's up. (requested by Tikotron3826)\n|inactive|jar55 has 60 seconds left.\n|l|\u2606Tikotron3826\n|inactive|Tikotron3826 disconnected and has a minute to reconnect!\n|player|p1|\n|j|\u2606Tikotron3826\n|inactive|Tikotron3826 reconnected.\n|player|p1|Tikotron3826|102|\n|\n|t:|1735747562\n|start\n|switch|p1a: Hydreigon|Hydreigon, L50, M|100/100\n|switch|p1b: Corviknight|Corviknight, L50, F|100/100\n|switch|p2a: Incineroar|Incineroar, L50, M|100/100\n|switch|p2b: Gallade|Gallade, L50, M|100/100\n|-ability|p2a: Incineroar|Intimidate|boost\n|-unboost|p1a: Hydreigon|atk|1\n|-unboost|p1b: Corviknight|atk|1\n|turn|1\n|l|\u2606Tikotron3826\n|inactive|Tikotron3826 disconnected and has a minute to reconnect!\n|player|p1|\n|j|\u2606Tikotron3826\n|inactive|Tikotron3826 reconnected and has 50 seconds left.\n|player|p1|Tikotron3826|102|\n|inactive|Tikotron3826 has 30 seconds left.\n|inactive|jar55 has 30 seconds left.\n|\n|t:|1735747596\n|-terastallize|p2b: Gallade|Psychic\n|move|p2a: Incineroar|Fake Out|p1a: Hydreigon\n|-damage|p1a: Hydreigon|86/100\n|cant|p1a: Hydreigon|flinch\n|move|p1b: Corviknight|Nasty Plot|p1b: Corviknight\n|-boost|p1b: Corviknight|spa|2\n|move|p2b: Gallade|Sacred Sword|p1a: Hydreigon\n|-supereffective|p1a: Hydreigon\n|-damage|p1a: Hydreigon|0 fnt\n|faint|p1a: Hydreigon\n|\n|upkeep\n|\n|t:|1735747611\n|switch|p1a: Corviknight|Corviknight, L50, F|100/100\n|turn|2\n|inactive|jar55 has 30 seconds left.\n|\n|t:|1735747638\n|switch|p2b: Altaria|Altaria, L50, F|100/100\n|-ability|p2b: Altaria|Cloud Nine\n|-terastallize|p1b: Corviknight|Fighting\n|move|p1b: Corviknight|Shadow Ball|p2b: Altaria\n|-damage|p2b: Altaria|6/100\n|-damage|p1b: Corviknight|91/100|[from] item: Life Orb\n|move|p1a: Corviknight|Tailwind|p1a: Corviknight\n|-sidestart|p1: Tikotron3826|move: Tailwind\n|move|p2a: Incineroar|Knock Off|p1b: Corviknight\n|-resisted|p1b: Corviknight\n|-damage|p1b: Corviknight|48/100\n|replace|p1b: Zoroark|Zoroark-Hisui, L50, M\n|-end|p1b: Zoroark|Illusion\n|-enditem|p1b: Zoroark|Life Orb|[from] move: Knock Off|[of] p2a: Incineroar\n|\n|upkeep\n|turn|3\n|inactive|jar55 has 30 seconds left.\n|inactive|jar55 has 20 seconds left.\n|inactive|jar55 has 15 seconds left.\n|inactive|jar55 has 10 seconds left.\n|\n|t:|1735747688\n|move|p1b: Zoroark|Hyper Voice|p2b: Altaria|[spread] p2a,p2b\n|-damage|p2a: Incineroar|32/100\n|-damage|p2b: Altaria|0 fnt\n|faint|p2b: Altaria\n|move|p1a: Corviknight|Body Press|p2a: Incineroar\n|-supereffective|p2a: Incineroar\n|-damage|p2a: Incineroar|0 fnt\n|faint|p2a: Incineroar\n|\n|upkeep\n|\n|t:|1735747695\n|switch|p2b: Sylveon|Sylveon, L50, F|100/100\n|switch|p2a: Gallade|Gallade, L50, M, tera:Psychic|100/100\n|turn|4\n|\n|t:|1735747713\n|move|p2a: Gallade|Protect|p2a: Gallade\n|-singleturn|p2a: Gallade|Protect\n|move|p1b: Zoroark|Shadow Ball|p2a: Gallade\n|-activate|p2a: Gallade|move: Protect\n|move|p1a: Corviknight|Brave Bird|p2b: Sylveon\n|-damage|p2b: Sylveon|56/100\n|-damage|p1a: Corviknight|87/100|[from] Recoil\n|move|p2b: Sylveon|Hyper Voice|p1b: Zoroark|[spread] p1a,p1b\n|-resisted|p1a: Corviknight\n|-supereffective|p1b: Zoroark\n|-damage|p1a: Corviknight|71/100\n|-damage|p1b: Zoroark|0 fnt\n|faint|p1b: Zoroark\n|-enditem|p2b: Sylveon|Throat Spray\n|-boost|p2b: Sylveon|spa|1|[from] item: Throat Spray\n|\n|-heal|p1a: Corviknight|77/100|[from] item: Leftovers\n|upkeep\n|\n|t:|1735747716\n|switch|p1b: Amoonguss|Amoonguss, L50, M|100/100\n|turn|5\n|inactive|jar55 has 30 seconds left.\n|inactive|jar55 has 20 seconds left.\n|inactive|jar55 has 15 seconds left.\n|\n|t:|1735747756\n|move|p1a: Corviknight|Brave Bird|p2b: Sylveon\n|-damage|p2b: Sylveon|5/100\n|-damage|p1a: Corviknight|61/100|[from] Recoil\n|move|p2a: Gallade|Psycho Cut|p1b: Amoonguss\n|-supereffective|p1b: Amoonguss\n|-damage|p1b: Amoonguss|0 fnt\n|faint|p1b: Amoonguss\n|move|p2b: Sylveon|Yawn|p1a: Corviknight\n|-start|p1a: Corviknight|move: Yawn|[of] p2b: Sylveon\n|\n|-heal|p1a: Corviknight|67/100|[from] item: Leftovers\n|-sideend|p1: Tikotron3826|move: Tailwind\n|upkeep\n|turn|6\n|-message|Tikotron3826 forfeited.\n|\n|win|jar55\n|raw|Tikotron3826's rating: 1347 &rarr; <strong>1327</strong><br />(-20 for losing)\n|raw|jar55's rating: 1352 &rarr; <strong>1372</strong><br />(+20 for winning)\n|l|\u2606Tikotron3826\n|player|p1|\n",
  "uploadtime": 1735748058,
  "views": 125,
  "formatid": "gen9vgc2024regh",
  "rating": 1327,
  "private": 0,
  "password": null
}