{
  "id": "gen9vgc2024regh-2273119277",
  "format": "[Gen 9] VGC 2024 Reg H",
  "players": [
    "pioq",
    "Parrish2"
  ],
  "log": "|j|\u2606pioq\n|j|\u2606Parrish2\n|t:|1735734579\n|gametype|doubles\n|player|p1|pioq|bugcatcher-gen4dp|1070\n|player|p2|Parrish2|birdkeeper-gen4dp|1185\n|teamsize|p1|6\n|teamsize|p2|6\n|gen|9\n|tier|[Gen 9] VGC 2024 Reg H\n|rated|\n|rule|Species Clause: Limit one of each Pok\u00e9mon\n|rule|Item Clause: Limit 1 of each item\n|clearpoke\n|poke|p1|Annihilape, L50, M|\n|poke|p1|Tauros-Paldea-Blaze, L50, M|\n|poke|p1|Grimmsnarl, L50, M|\n|poke|p1|Rabsca, L50, M|\n|poke|p1|Indeedee-F, L50, F|\n|poke|p1|Kilowattrel, L50, M|\n|poke|p2|Lilligant-Hisui, L50, F|\n|poke|p2|Hydrapple, L50, F|\n|poke|p2|Persian-Alola, L50, M|\n|poke|p2|Magnezone, L50|\n|poke|p2|Wyrdeer, L50, F|\n|poke|p2|Stonjourner, L50, M|\n|teampreview|4\n|inactive|Battle timer is ON: inactive players will automatically lose when time's up. (requested by Parrish2)\nParrish2 rejected open team sheets.\n|c|\u2606Parrish2|Sup\n|\n|t:|1735734625\n|start\n|switch|p1a: Annihilape|Annihilape, L50, M|100/100\n|switch|p1b: Grimmsnarl|Grimmsnarl, L50, M|100/100\n|switch|p2a: Wyrdeer|Wyrdeer, L50, F, shiny|100/100\n|switch|p2b: Hydrapple|Hydrapple, L50, F, shiny|100/100\n|-ability|p2b: Hydrapple|Supersweet Syrup\n|-unboost|p1a: Annihilape|evasion|1\n|-ability|p1a: Annihilape|Defiant|boost\n|-boost|p1a: Annihilape|atk|2\n|-unboost|p1b: Grimmsnarl|evasion|1\n|turn|1\n|inactive|pioq has 30 seconds left.\n|inactive|Parrish2 has 30 seconds left.\n|inactive|Parrish2 has 20 seconds left.\n|inactive|Parrish2 has 15 seconds left.\n|inactive|Parrish2 has 10 seconds left.\n|inactive|Parrish2 has 5 seconds left.\n|\n|t:|1735734680\n|move|p1b: Grimmsnarl|Fake Out|p2b: Hydrapple\n|-damage|p2b: Hydrapple|89/100\n|move|p1a: Annihilape|Drain Punch|p2a: Wyrdeer\n|-damage|p2a: Wyrdeer|24/100\n|move|p2a: Wyrdeer|Lunge|p1b: Grimmsnarl\n|-damage|p1b: Grimmsnarl|64/100\n|-unboost|p1b: Grimmsnarl|atk|1\n|cant|p2b: Hydrapple|flinch\n|\n|-heal|p1b: Grimmsnarl|70/100|[from] item: Leftovers\n|upkeep\n|turn|2\n|inactive|pioq has 30 seconds left.\n|\n|t:|1735734708\n|move|p2a: Wyrdeer|Protect|p2a: Wyrdeer\n|-singleturn|p2a: Wyrdeer|Protect\n|move|p1a: Annihilape|Drain Punch|p2a: Wyrdeer\n|-activate|p2a: Wyrdeer|move: Protect\n|move|p1b: Grimmsnarl|Play Rough|p2b: Hydrapple\n|-supereffective|p2b: Hydrapple\n|-damage|p2b: Hydrapple|40/100\n|move|p2b: Hydrapple|Fickle Beam|p1a: Annihilape\n|-damage|p1a: Annihilape|35/100\n|\n|-heal|p1b: Grimmsnarl|76/100|[from] item: Leftovers\n|upkeep\n|turn|3\n|\n|t:|1735734733\n|-terastallize|p2b: Hydrapple|Water\n|move|p2a: Wyrdeer|Protect||[still]\n|-fail|p2a: Wyrdeer\n|move|p1a: Annihilape|Drain Punch|p2a: Wyrdeer\n|-damage|p2a: Wyrdeer|0 fnt\n|-heal|p1a: Annihilape|45/100|[from] drain|[of] p2a: Wyrdeer\n|faint|p2a: Wyrdeer\n|move|p1b: Grimmsnarl|Play Rough|p2b: Hydrapple\n|-damage|p2b: Hydrapple|16/100\n|move|p2b: Hydrapple|Fickle Beam|p1a: Annihilape\n|-damage|p1a: Annihilape|0 fnt\n|faint|p1a: Annihilape\n|\n|-heal|p1b: Grimmsnarl|82/100|[from] item: Leftovers\n|upkeep\n|\n|t:|1735734749\n|switch|p1a: Indeedee|Indeedee-F, L50, F|100/100\n|switch|p2a: Magnezone|Magnezone, L50, shiny|100/100\n|-fieldstart|move: Psychic Terrain|[from] ability: Psychic Surge|[of] p1a: Indeedee\n|-enditem|p1a: Indeedee|Psychic Seed\n|-boost|p1a: Indeedee|spd|1|[from] item: Psychic Seed\n|turn|4\n|inactive|pioq has 30 seconds left.\n|\n|t:|1735734781\n|move|p1a: Indeedee|Light Screen|p1a: Indeedee\n|-sidestart|p1: pioq|move: Light Screen\n|move|p1b: Grimmsnarl|Play Rough|p2b: Hydrapple\n|-damage|p2b: Hydrapple|0 fnt\n|faint|p2b: Hydrapple\n|move|p2a: Magnezone|Flash Cannon|p1b: Grimmsnarl\n|-supereffective|p1b: Grimmsnarl\n|-damage|p1b: Grimmsnarl|20/100\n|\n|-heal|p1b: Grimmsnarl|26/100|[from] item: Leftovers\n|upkeep\n|\n|t:|1735734789\n|switch|p2b: Lilligant|Lilligant-Hisui, L50, F, shiny|100/100\n|turn|5\n|\n|t:|1735734807\n|move|p1b: Grimmsnarl|Thunder Wave|p2b: Lilligant\n|-activate|p2b: Lilligant|move: Psychic Terrain\n|move|p2b: Lilligant|Triple Axel|p1b: Grimmsnarl\n|-damage|p1b: Grimmsnarl|6/100\n|-damage|p1b: Grimmsnarl|0 fnt\n|faint|p1b: Grimmsnarl\n|-hitcount|p1: Grimmsnarl|2\n|move|p1a: Indeedee|Reflect|p1a: Indeedee\n|-sidestart|p1: pioq|Reflect\n|move|p2a: Magnezone|Gravity|p2a: Magnezone\n|-fieldstart|move: Gravity\n|\n|upkeep\n|\n|t:|1735734817\n|switch|p1b: Rabsca|Rabsca, L50, M|100/100\n|turn|6\n|\n|t:|1735734840\n|move|p1a: Indeedee|Follow Me|p1a: Indeedee\n|-singleturn|p1a: Indeedee|move: Follow Me\n|move|p2b: Lilligant|Triple Axel|p1a: Indeedee\n|-damage|p1a: Indeedee|85/100\n|-damage|p1a: Indeedee|55/100\n|-damage|p1a: Indeedee|12/100\n|-hitcount|p1a: Indeedee|3\n|move|p2a: Magnezone|Zap Cannon|p1a: Indeedee\n|-damage|p1a: Indeedee|0 fnt\n|faint|p1a: Indeedee\n|move|p1b: Rabsca|Expanding Force|p2a: Magnezone|[spread] p2a,p2b\n|-resisted|p2a: Magnezone\n|-supereffective|p2b: Lilligant\n|-damage|p2a: Magnezone|58/100\n|-damage|p2b: Lilligant|0 fnt\n|faint|p2b: Lilligant\n|-damage|p1b: Rabsca|91/100|[from] item: Life Orb\n|\n|upkeep\n|turn|7\n|\n|t:|1735734860\n|move|p2a: Magnezone|Protect|p2a: Magnezone\n|-singleturn|p2a: Magnezone|Protect\n|move|p1b: Rabsca|Revival Blessing|p1b: Rabsca\n|\n|t:|1735734864\n|-heal|p1: Annihilape|50/100|[from] move: Revival Blessing\n|\n|upkeep\n|\n|t:|1735734868\n|switch|p1a: Annihilape|Annihilape, L50, M|50/100\n|turn|8\n|\n|t:|1735734883\n|move|p1a: Annihilape|Drain Punch|p2a: Magnezone\n|-supereffective|p2a: Magnezone\n|-damage|p2a: Magnezone|0 fnt\n|-heal|p1a: Annihilape|71/100|[from] drain|[of] p2a: Magnezone\n|faint|p2a: Magnezone\n|\n|win|pioq\n|raw|pioq's rating: 1070 &rarr; <strong>1109</strong><br />(+39 for winning)\n|raw|Parrish2's rating: 1185 &rarr; <strong>1152</strong><br />(-33 for losing)\n|l|\u2606Parrish2\n|player|p2|\n|c|\u2606pioq|gg\n|l|\u2606pioq\n|player|p1|\n",
  "uploadtime": 1735735172,
  "views": 27,
  "formatid": "gen9vgc2024regh",
  "rating": 1109,
  "private": 0,
  "password": null
}