{
  "id": "gen9vgc2024regh-2273184053",
  "format": "[Gen 9] VGC 2024 Reg H",
  "players": [
    "TridungTang",
    "ragnarokk55"
  ],
  "log": "|j|\u2606TridungTang\n|j|\u2606ragnarokk55\n|t:|1735746609\n|gametype|doubles\n|player|p1|TridungTang|n|1481\n|player|p2|ragnarokk55|1|1585\n|teamsize|p1|6\n|teamsize|p2|6\n|gen|9\n|tier|[Gen 9] VGC 2024 Reg H\n|rated|\n|rule|Species Clause: Limit one of each Pok\u00e9mon\n|rule|Item Clause: Limit 1 of each item\n|clearpoke\n|poke|p1|Dragapult, L50, F|\n|poke|p1|Dragonite, L50, F|\n|poke|p1|Kingdra, L50, M|\n|poke|p1|Archaludon, L50, M|\n|poke|p1|Hydreigon, L50, F|\n|poke|p1|Garchomp, L50, F|\n|poke|p2|Gholdengo, L50|\n|poke|p2|Dragonite, L50, F|\n|poke|p2|Ursaluna-Bloodmoon, L50, M|\n|poke|p2|Rillaboom, L50, M|\n|poke|p2|Dondozo, L50, F|\n|poke|p2|Incineroar, L50, F|\n|teampreview|4\n|inactive|Battle timer is ON: inactive players will automatically lose when time's up. (requested by TridungTang)\n|\n|t:|1735746649\n|start\n|switch|p1a: Dragapult|Dragapult, L50, F, shiny|100/100\n|switch|p1b: Kingdra|Kingdra, L50, M, shiny|100/100\n|switch|p2a: Gholdengo|Gholdengo, L50|100/100\n|switch|p2b: Dragonite|Dragonite, L50, F|100/100\n|turn|1\n|\n|t:|1735746666\n|-terastallize|p2a: Gholdengo|Steel\n|move|p1b: Kingdra|Protect|p1b: Kingdra\n|-singleturn|p1b: Kingdra|Protect\n|move|p2b: Dragonite|Extreme Speed|p1b: Kingdra\n|-activate|p1b: Kingdra|move: Protect\n|move|p1a: Dragapult|Dragon Cheer|p1b: Kingdra\n|-start|p1b: Kingdra|move: Dragon Cheer\n|move|p2a: Gholdengo|Make It Rain|p1b: Kingdra|[spread] p1a\n|-activate|p1b: Kingdra|move: Protect\n|-enditem|p1a: Dragapult|Focus Sash\n|-damage|p1a: Dragapult|1/100\n|-unboost|p2a: Gholdengo|spa|1\n|\n|upkeep\n|turn|2\n|\n|t:|1735746685\n|move|p2b: Dragonite|Extreme Speed|p1b: Kingdra\n|-damage|p1b: Kingdra|56/100\n|move|p1a: Dragapult|Thunder Wave|p2b: Dragonite\n|-status|p2b: Dragonite|par\n|move|p2a: Gholdengo|Make It Rain|p1a: Dragapult|[spread] p1a,p1b\n|-resisted|p1b: Kingdra\n|-damage|p1a: Dragapult|0 fnt\n|-damage|p1b: Kingdra|22/100\n|-unboost|p2a: Gholdengo|spa|1\n|faint|p1a: Dragapult\n|move|p1b: Kingdra|Scald|p2a: Gholdengo\n|-crit|p2a: Gholdengo\n|-damage|p2a: Gholdengo|0 fnt\n|faint|p2a: Gholdengo\n|\n|upkeep\n|\n|t:|1735746704\n|switch|p1a: Dragonite|Dragonite, L50, F, shiny|100/100\n|switch|p2a: Ursaluna|Ursaluna-Bloodmoon, L50, M|100/100\n|turn|3\n|\n|t:|1735746714\n|move|p1b: Kingdra|Protect|p1b: Kingdra\n|-singleturn|p1b: Kingdra|Protect\n|move|p2b: Dragonite|Extreme Speed|p1b: Kingdra\n|-activate|p1b: Kingdra|move: Protect\n|move|p1a: Dragonite|Ice Spinner|p2b: Dragonite\n|-supereffective|p2b: Dragonite\n|-damage|p2b: Dragonite|0 fnt\n|faint|p2b: Dragonite\n|move|p2a: Ursaluna|Blood Moon|p1a: Dragonite\n|-damage|p1a: Dragonite|48/100\n|-damage|p2a: Ursaluna|91/100|[from] item: Life Orb\n|\n|upkeep\n|\n|t:|1735746729\n|switch|p2b: Rillaboom|Rillaboom, L50, M|100/100\n|-fieldstart|move: Grassy Terrain|[from] ability: Grassy Surge|[of] p2b: Rillaboom\n|turn|4\n|\n|t:|1735746736\n|move|p2b: Rillaboom|Grassy Glide|p1b: Kingdra\n|-damage|p1b: Kingdra|0 fnt\n|faint|p1b: Kingdra\n|move|p1a: Dragonite|Ice Spinner|p2b: Rillaboom\n|-supereffective|p2b: Rillaboom\n|-damage|p2b: Rillaboom|51/100\n|-fieldend|move: Grassy Terrain\n|move|p2a: Ursaluna|Hyper Voice|p1a: Dragonite\n|-damage|p1a: Dragonite|0 fnt\n|faint|p1a: Dragonite\n|-damage|p2a: Ursaluna|81/100|[from] item: Life Orb\n|\n|upkeep\n|\n|t:|1735746748\n|switch|p1b: Garchomp|Garchomp, L50, F, shiny|100/100\n|turn|5\n|\n|t:|1735746764\n|move|p1b: Garchomp|Protect|p1b: Garchomp\n|-singleturn|p1b: Garchomp|Protect\n|move|p2b: Rillaboom|Wood Hammer|p1b: Garchomp\n|-activate|p1b: Garchomp|move: Protect\n|move|p2a: Ursaluna|Blood Moon|p1b: Garchomp\n|-activate|p1b: Garchomp|move: Protect\n|\n|upkeep\n|turn|6\n|\n|t:|1735746781\n|move|p1b: Garchomp|Earthquake|p2b: Rillaboom|[spread] p2a,p2b\n|-resisted|p2b: Rillaboom\n|-damage|p2a: Ursaluna|42/100\n|-damage|p2b: Rillaboom|29/100\n|-damage|p1b: Garchomp|91/100|[from] item: Life Orb\n|move|p2b: Rillaboom|Wood Hammer|p1b: Garchomp\n|-damage|p1b: Garchomp|33/100\n|-damage|p2b: Rillaboom|16/100|[from] ability: Rough Skin|[of] p1b: Garchomp\n|-damage|p2b: Rillaboom|0 fnt|[from] Recoil\n|faint|p2b: Rillaboom\n|move|p2a: Ursaluna|Earth Power|p1b: Garchomp\n|-damage|p1b: Garchomp|0 fnt\n|faint|p1b: Garchomp\n|-damage|p2a: Ursaluna|33/100|[from] item: Life Orb\n|\n|win|ragnarokk55\n|raw|TridungTang's rating: 1481 &rarr; <strong>1467</strong><br />(-14 for losing)\n|raw|ragnarokk55's rating: 1585 &rarr; <strong>1599</strong><br />(+14 for winning)\n|l|\u2606ragnarokk55\n|player|p2|\n|l|\u2606TridungTang\n|player|p1|\n",
  "uploadtime": 1735746950,
  "views": 140,
  "formatid": "gen9vgc2024regh",
  "rating": 1467,
  "private": 0,
  "password": null
}