{
  "id": "gen9vgc2024regh-2273163430",
  "format": "[Gen 9] VGC 2024 Reg H",
  "players": [
    "timoaaaaa",
    "sakuramajimaya"
  ],
  "log": "|j|\u2606timoaaaaa\n|j|\u2606sakuramajimaya\n|t:|1735743276\n|gametype|doubles\n|player|p1|timoaaaaa|170|1386\n|player|p2|sakuramajimaya|265|1310\n|teamsize|p1|6\n|teamsize|p2|6\n|gen|9\n|tier|[Gen 9] VGC 2024 Reg H\n|rated|\n|rule|Species Clause: Limit one of each Pok\u00e9mon\n|rule|Item Clause: Limit 1 of each item\n|clearpoke\n|poke|p1|Metagross, L50|\n|poke|p1|Incineroar, L50, F|\n|poke|p1|Ursaluna-Bloodmoon, L50, M|\n|poke|p1|Amoonguss, L50, M|\n|poke|p1|Dragonite, L50, F|\n|poke|p1|Whimsicott, L50, M|\n|poke|p2|Flapple, L50, F|\n|poke|p2|Bronzong, L50|\n|poke|p2|Annihilape, L50, M|\n|poke|p2|Tsareena, L50, F|\n|poke|p2|Ursaluna-Bloodmoon, L50, M|\n|poke|p2|Incineroar, L50, F|\n|teampreview|4\n|\n|t:|1735743315\n|start\n|switch|p1a: Whimsicott|Whimsicott, L50, M|100/100\n|switch|p1b: Incineroar|Incineroar, L50, F|100/100\n|switch|p2a: Bronzong|Bronzong, L50|100/100\n|switch|p2b: Annihilape|Annihilape, L50, M|100/100\n|-ability|p1b: Incineroar|Intimidate|boost\n|-unboost|p2a: Bronzong|atk|1\n|-unboost|p2b: Annihilape|atk|1\n|-ability|p2b: Annihilape|Defiant|boost\n|-boost|p2b: Annihilape|atk|2\n|turn|1\n|\n|t:|1735743347\n|move|p1a: Whimsicott|Tailwind|p1a: Whimsicott\n|-sidestart|p1: timoaaaaa|move: Tailwind\n|move|p2b: Annihilape|Close Combat|p1b: Incineroar\n|-supereffective|p1b: Incineroar\n|-damage|p1b: Incineroar|0 fnt\n|-unboost|p2b: Annihilape|def|1\n|-unboost|p2b: Annihilape|spd|1\n|faint|p1b: Incineroar\n|move|p2a: Bronzong|Trick Room|p2a: Bronzong\n|-fieldstart|move: Trick Room|[of] p2a: Bronzong\n|\n|upkeep\n|\n|t:|1735743363\n|switch|p1b: Dragonite|Dragonite, L50, F|100/100\n|turn|2\n|\n|t:|1735743375\n|move|p1b: Dragonite|Protect|p1b: Dragonite\n|-singleturn|p1b: Dragonite|Protect\n|move|p1a: Whimsicott|Encore|p2a: Bronzong\n|-start|p2a: Bronzong|Encore\n|-enditem|p2a: Bronzong|Mental Herb\n|-end|p2a: Bronzong|Encore\n|move|p2a: Bronzong|Gravity|p2a: Bronzong\n|-fieldstart|move: Gravity\n|move|p2b: Annihilape|Close Combat|p1b: Dragonite\n|-activate|p1b: Dragonite|move: Protect\n|\n|upkeep\n|turn|3\n|\n|t:|1735743406\n|switch|p2b: Flapple|Flapple, L50, F|100/100\n|-terastallize|p1b: Dragonite|Dragon\n|move|p2a: Bronzong|Hypnosis|p1b: Dragonite\n|-status|p1b: Dragonite|slp|[from] move: Hypnosis\n|cant|p1b: Dragonite|slp\n|move|p1a: Whimsicott|Moonblast|p2b: Flapple\n|-supereffective|p2b: Flapple\n|-damage|p2b: Flapple|0 fnt\n|faint|p2b: Flapple\n|\n|upkeep\n|\n|t:|1735743417\n|switch|p2b: Ursaluna|Ursaluna-Bloodmoon, L50, M|100/100\n|turn|4\n|\n|t:|1735743445\n|-terastallize|p2b: Ursaluna|Normal\n|cant|p1b: Dragonite|slp\n|move|p2a: Bronzong|Hypnosis|p1a: Whimsicott\n|-status|p1a: Whimsicott|slp|[from] move: Hypnosis\n|move|p2b: Ursaluna|Blood Moon|p1b: Dragonite\n|-damage|p1b: Dragonite|23/100 slp\n|-damage|p2b: Ursaluna|90/100|[from] item: Life Orb\n|cant|p1a: Whimsicott|slp\n|\n|-sideend|p1: timoaaaaa|move: Tailwind\n|upkeep\n|turn|5\n|\n|t:|1735743470\n|cant|p1b: Dragonite|slp\n|move|p2a: Bronzong|Hypnosis|p1a: Whimsicott\n|-fail|p1a: Whimsicott|slp\n|move|p2b: Ursaluna|Hyper Voice|p1b: Dragonite|[spread] p1a,p1b\n|-damage|p1a: Whimsicott|0 fnt\n|-damage|p1b: Dragonite|0 fnt\n|faint|p1a: Whimsicott\n|faint|p1b: Dragonite\n|-damage|p2b: Ursaluna|80/100|[from] item: Life Orb\n|\n|-fieldend|move: Trick Room\n|upkeep\n|\n|t:|1735743481\n|switch|p1b: Ursaluna|Ursaluna-Bloodmoon, L50, M|100/100\n|turn|6\n|\n|t:|1735743489\n|move|p1b: Ursaluna|Blood Moon|p2b: Ursaluna\n|-damage|p2b: Ursaluna|0 fnt\n|faint|p2b: Ursaluna\n|move|p2a: Bronzong|Body Press|p1b: Ursaluna\n|-supereffective|p1b: Ursaluna\n|-damage|p1b: Ursaluna|64/100\n|\n|-fieldend|move: Gravity\n|upkeep\n|\n|t:|1735743496\n|switch|p2b: Annihilape|Annihilape, L50, M|100/100\n|turn|7\n|\n|t:|1735743507\n|move|p2b: Annihilape|Close Combat|p1b: Ursaluna\n|-supereffective|p1b: Ursaluna\n|-damage|p1b: Ursaluna|0 fnt\n|-unboost|p2b: Annihilape|def|1\n|-unboost|p2b: Annihilape|spd|1\n|faint|p1b: Ursaluna\n|\n|win|sakuramajimaya\n|raw|timoaaaaa's rating: 1386 &rarr; <strong>1362</strong><br />(-24 for losing)\n|raw|sakuramajimaya's rating: 1310 &rarr; <strong>1334</strong><br />(+24 for winning)\n|l|\u2606sakuramajimaya\n|player|p2|\n|l|\u2606timoaaaaa\n|player|p1|\n",
  "uploadtime": 1735743905,
  "views": 123,
  "formatid": "gen9vgc2024regh",
  "rating": 1334,
  "private": 0,
  "password": null
}