{
  "id": "gen9vgc2024regh-2273151431",
  "format": "[Gen 9] VGC 2024 Reg H",
  "players": [
    "tvini25",
    "NewBalance"
  ],
  "log": "|j|\u2606tvini25\n|j|\u2606NewBalance\n|t:|1735741157\n|gametype|doubles\n|player|p1|tvini25|170|1454\n|player|p2|NewBalance|265|1355\n|teamsize|p1|6\n|teamsize|p2|6\n|gen|9\n|tier|[Gen 9] VGC 2024 Reg H\n|rated|\n|rule|Species Clause: Limit one of each Pok\u00e9mon\n|rule|Item Clause: Limit 1 of each item\n|clearpoke\n|poke|p1|Corviknight, L50, F|\n|poke|p1|Incineroar, L50, F|\n|poke|p1|Sinistcha, L50|\n|poke|p1|Annihilape, L50, F|\n|poke|p1|Ninetales-Alola, L50, M|\n|poke|p1|Hydreigon, L50, M|\n|poke|p2|Weezing, L50, F|\n|poke|p2|Toedscruel, L50, F|\n|poke|p2|Incineroar, L50, F|\n|poke|p2|Dragapult, L50, M|\n|poke|p2|Palafin, L50, F|\n|poke|p2|Kilowattrel, L50, F|\n|teampreview|4\n|j| stewpeed\n|inactive|Battle timer is ON: inactive players will automatically lose when time's up. (requested by NewBalance)\n|\n|t:|1735741212\n|start\n|switch|p1a: Incineroar|Incineroar, L50, F|100/100\n|switch|p1b: Sinistcha|Sinistcha, L50|100/100\n|switch|p2a: Weezing|Weezing, L50, F|100/100\n|switch|p2b: Dragapult|Dragapult, L50, M|100/100\n|-ability|p2a: Weezing|Neutralizing Gas\n|turn|1\n|inactive|tvini25 has 30 seconds left.\n|\n|t:|1735741245\n|switch|p1b: Corviknight|Corviknight, L50, F|100/100\n|move|p2b: Dragapult|U-turn|p1a: Incineroar\n|-damage|p1a: Incineroar|64/100\n|\n|t:|1735741250\n|switch|p2b: Incineroar|Incineroar, L50, F|100/100|[from] U-turn\n|-ability|p2b: Incineroar|Intimidate|boost\n|-unboost|p1a: Incineroar|atk|1\n|-unboost|p1b: Corviknight|atk|1\n|move|p2a: Weezing|Gunk Shot|p1a: Incineroar\n|-damage|p1a: Incineroar|30/100\n|-enditem|p1a: Incineroar|Sitrus Berry|[eat]\n|-heal|p1a: Incineroar|54/100|[from] item: Sitrus Berry\n|move|p1a: Incineroar|Knock Off|p2a: Weezing\n|-damage|p2a: Weezing|75/100\n|-enditem|p2a: Weezing|Sitrus Berry|[from] move: Knock Off|[of] p1a: Incineroar\n|\n|upkeep\n|turn|2\n|inactive|tvini25 has 30 seconds left.\n|inactive|NewBalance has 30 seconds left.\n|inactive|NewBalance has 20 seconds left.\n|\n|t:|1735741285\n|switch|p1b: Sinistcha|Sinistcha, L50|100/100\n|move|p2b: Incineroar|Parting Shot|p1a: Incineroar\n|-unboost|p1a: Incineroar|atk|1\n|-unboost|p1a: Incineroar|spa|1\n|\n|t:|1735741292\n|switch|p2b: Dragapult|Dragapult, L50, M|100/100|[from] Parting Shot\n|move|p2a: Weezing|Will-O-Wisp|p1b: Sinistcha\n|-status|p1b: Sinistcha|brn\n|move|p1a: Incineroar|Parting Shot|p2a: Weezing\n|-unboost|p2a: Weezing|atk|1\n|-unboost|p2a: Weezing|spa|1\n|\n|t:|1735741302\n|switch|p1a: Hydreigon|Hydreigon, L50, M|100/100|[from] Parting Shot\n|\n|-damage|p1b: Sinistcha|94/100 brn|[from] brn\n|upkeep\n|turn|3\n|inactive|NewBalance has 30 seconds left.\n|\n|t:|1735741330\n|-terastallize|p1b: Sinistcha|Fairy\n|move|p2a: Weezing|Protect|p2a: Weezing\n|-singleturn|p2a: Weezing|Protect\n|move|p1b: Sinistcha|Rage Powder|p1b: Sinistcha\n|-singleturn|p1b: Sinistcha|move: Rage Powder\n|move|p2b: Dragapult|U-turn|p1b: Sinistcha\n|-resisted|p1b: Sinistcha\n|-damage|p1b: Sinistcha|81/100 brn\n|-damage|p2b: Dragapult|84/100|[from] item: Rocky Helmet|[of] p1b: Sinistcha\n|\n|t:|1735741338\n|switch|p2b: Incineroar|Incineroar, L50, F|100/100|[from] U-turn\n|-ability|p2b: Incineroar|Intimidate|boost\n|-unboost|p1a: Hydreigon|atk|1\n|-unboost|p1b: Sinistcha|atk|1\n|move|p1a: Hydreigon|Snarl|p2a: Weezing|[spread] p2b\n|-activate|p2a: Weezing|move: Protect\n|-resisted|p2b: Incineroar\n|-damage|p2b: Incineroar|92/100\n|-unboost|p2b: Incineroar|spa|1\n|\n|-damage|p1b: Sinistcha|75/100 brn|[from] brn\n|upkeep\n|turn|4\n|\n|t:|1735741363\n|switch|p1b: Corviknight|Corviknight, L50, F|100/100\n|move|p2b: Incineroar|Fake Out|p1a: Hydreigon\n|-damage|p1a: Hydreigon|88/100\n|cant|p1a: Hydreigon|flinch\n|move|p2a: Weezing|Will-O-Wisp|p1a: Hydreigon\n|-status|p1a: Hydreigon|brn\n|\n|-damage|p1a: Hydreigon|82/100 brn|[from] brn\n|upkeep\n|turn|5\n|inactive|tvini25 has 30 seconds left.\n|\n|t:|1735741389\n|switch|p1b: Incineroar|Incineroar, L50, F|54/100\n|move|p1a: Hydreigon|Earth Power|p2a: Weezing\n|-supereffective|p2a: Weezing\n|-damage|p2a: Weezing|0 fnt\n|faint|p2a: Weezing\n|-end|p2a: Weezing|ability: Neutralizing Gas\n|-ability|p1b: Incineroar|Intimidate|boost\n|-unboost|p2b: Incineroar|atk|1\n|move|p2b: Incineroar|Parting Shot|p1a: Hydreigon\n|-unboost|p1a: Hydreigon|atk|1\n|-unboost|p1a: Hydreigon|spa|1\n|\n|t:|1735741402\n|switch|p2b: Dragapult|Dragapult, L50, M|84/100|[from] Parting Shot\n|\n|-damage|p1a: Hydreigon|76/100 brn|[from] brn\n|upkeep\n|\n|t:|1735741408\n|switch|p2a: Incineroar|Incineroar, L50, F|92/100\n|-ability|p2a: Incineroar|Intimidate|boost\n|-unboost|p1a: Hydreigon|atk|1\n|-unboost|p1b: Incineroar|atk|1\n|turn|6\n|\n|t:|1735741424\n|switch|p1a: Sinistcha|Sinistcha, L50, tera:Fairy|75/100 brn\n|-heal|p1b: Incineroar|79/100|[from] ability: Hospitality|[of] p1a: Sinistcha\n|move|p2a: Incineroar|Fake Out|p1b: Incineroar\n|-damage|p1b: Incineroar|69/100\n|move|p2b: Dragapult|Dragon Darts|p1b: Incineroar\n|-damage|p1b: Incineroar|29/100\n|-anim|p2b: Dragapult|Dragon Darts|p1b: Incineroar\n|-damage|p1b: Incineroar|0 fnt\n|faint|p1b: Incineroar\n|\n|-damage|p1a: Sinistcha|68/100 brn|[from] brn\n|upkeep\n|\n|t:|1735741436\n|switch|p1b: Corviknight|Corviknight, L50, F|100/100\n|turn|7\n|\n|t:|1735741454\n|switch|p2b: Toedscruel|Toedscruel, L50, F|100/100\n|move|p2a: Incineroar|Knock Off|p1a: Sinistcha\n|-resisted|p1a: Sinistcha\n|-damage|p1a: Sinistcha|55/100 brn\n|-damage|p2a: Incineroar|75/100|[from] item: Rocky Helmet|[of] p1a: Sinistcha\n|-enditem|p1a: Sinistcha|Rocky Helmet|[from] move: Knock Off|[of] p2a: Incineroar\n|move|p1b: Corviknight|Brave Bird|p2a: Incineroar\n|-damage|p2a: Incineroar|18/100\n|-damage|p1b: Corviknight|82/100|[from] Recoil\n|move|p1a: Sinistcha|Trick Room|p1a: Sinistcha\n|-fieldstart|move: Trick Room|[of] p1a: Sinistcha\n|\n|-damage|p1a: Sinistcha|49/100 brn|[from] brn\n|upkeep\n|turn|8\n|\n|t:|1735741483\n|switch|p2a: Dragapult|Dragapult, L50, M|84/100\n|move|p2b: Toedscruel|Protect|p2b: Toedscruel\n|-singleturn|p2b: Toedscruel|Protect\n|move|p1b: Corviknight|Brave Bird|p2b: Toedscruel\n|-activate|p2b: Toedscruel|move: Protect\n|move|p1a: Sinistcha|Life Dew|p1a: Sinistcha|[spread] p1a,p1b\n|-heal|p1a: Sinistcha|74/100 brn\n|-heal|p1b: Corviknight|100/100\n|\n|-damage|p1a: Sinistcha|68/100 brn|[from] brn\n|upkeep\n|turn|9\n|\n|t:|1735741503\n|switch|p2a: Incineroar|Incineroar, L50, F|18/100\n|-ability|p2a: Incineroar|Intimidate|boost\n|-unboost|p1a: Sinistcha|atk|1\n|-ability|p1b: Corviknight|Mirror Armor\n|-unboost|p2a: Incineroar|atk|1\n|-terastallize|p2b: Toedscruel|Fire\n|move|p1b: Corviknight|Brave Bird|p2b: Toedscruel\n|-damage|p2b: Toedscruel|11/100\n|-damage|p1b: Corviknight|78/100|[from] Recoil\n|move|p1a: Sinistcha|Matcha Gotcha|p2b: Toedscruel|[spread] p2a\n|-miss|p1a: Sinistcha|p2b: Toedscruel\n|-resisted|p2a: Incineroar\n|-damage|p2a: Incineroar|5/100\n|-heal|p1a: Sinistcha|75/100 brn|[from] drain|[of] p2a: Incineroar\n|move|p2b: Toedscruel|Spore|p1b: Corviknight\n|-status|p1b: Corviknight|slp|[from] move: Spore\n|\n|-damage|p1a: Sinistcha|69/100 brn|[from] brn\n|upkeep\n|turn|10\n|inactive|tvini25 has 30 seconds left.\n|\n|t:|1735741529\n|switch|p1a: Hydreigon|Hydreigon, L50, M|76/100 brn\n|move|p2a: Incineroar|Fake Out|p1a: Hydreigon\n|-damage|p1a: Hydreigon|68/100 brn\n|cant|p1b: Corviknight|slp\n|move|p2b: Toedscruel|Energy Ball|p1a: Hydreigon\n|-resisted|p1a: Hydreigon\n|-damage|p1a: Hydreigon|51/100 brn\n|-damage|p2b: Toedscruel|1/100|[from] item: Life Orb\n|\n|-damage|p1a: Hydreigon|45/100 brn|[from] brn\n|upkeep\n|turn|11\n|\n|t:|1735741547\n|switch|p1b: Sinistcha|Sinistcha, L50, tera:Fairy|69/100 brn\n|-heal|p1a: Hydreigon|70/100 brn|[from] ability: Hospitality|[of] p1b: Sinistcha\n|move|p2b: Toedscruel|Protect|p2b: Toedscruel\n|-singleturn|p2b: Toedscruel|Protect\n|move|p2a: Incineroar|Flare Blitz|p1b: Sinistcha\n|-damage|p1b: Sinistcha|47/100 brn\n|-damage|p2a: Incineroar|0 fnt|[from] Recoil\n|faint|p2a: Incineroar\n|move|p1a: Hydreigon|Snarl|p2b: Toedscruel\n|-activate|p2b: Toedscruel|move: Protect\n|\n|-damage|p1b: Sinistcha|40/100 brn|[from] brn\n|-damage|p1a: Hydreigon|64/100 brn|[from] brn\n|-fieldend|move: Trick Room\n|upkeep\n|\n|t:|1735741561\n|switch|p2a: Dragapult|Dragapult, L50, M|84/100\n|turn|12\n|\n|t:|1735741574\n|move|p1b: Sinistcha|Rage Powder|p1b: Sinistcha\n|-singleturn|p1b: Sinistcha|move: Rage Powder\n|move|p2a: Dragapult|Phantom Force||[still]\n|-prepare|p2a: Dragapult|Phantom Force\n|move|p1a: Hydreigon|Snarl|p2a: Dragapult|[spread] p2b\n|-miss|p1a: Hydreigon|p2a: Dragapult\n|-damage|p2b: Toedscruel|0 fnt\n|faint|p2b: Toedscruel\n|\n|-damage|p1a: Hydreigon|58/100 brn|[from] brn\n|-damage|p1b: Sinistcha|34/100 brn|[from] brn\n|upkeep\n|turn|13\n|\n|t:|1735741586\n|move|p1b: Sinistcha|Rage Powder|p1b: Sinistcha\n|-singleturn|p1b: Sinistcha|move: Rage Powder\n|move|p2a: Dragapult|Phantom Force|p1b: Sinistcha|[from]lockedmove\n|-crit|p1b: Sinistcha\n|-damage|p1b: Sinistcha|0 fnt\n|faint|p1b: Sinistcha\n|move|p1a: Hydreigon|Dark Pulse|p2a: Dragapult\n|-supereffective|p2a: Dragapult\n|-damage|p2a: Dragapult|0 fnt\n|faint|p2a: Dragapult\n|\n|win|tvini25\n|raw|tvini25's rating: 1454 &rarr; <strong>1468</strong><br />(+14 for winning)\n|raw|NewBalance's rating: 1355 &rarr; <strong>1341</strong><br />(-14 for losing)\n|l|\u2606NewBalance\n|player|p2|\n|l| stewpeed\n|l|\u2606tvini25\n|player|p1|\n",
  "uploadtime": 1735741967,
  "views": 129,
  "formatid": "gen9vgc2024regh",
  "rating": 1341,
  "private": 0,
  "password": null
}