{
  "id": "gen9vgc2024regh-2273118095",
  "format": "[Gen 9] VGC 2024 Reg H",
  "players": [
    "Parrish2",
    "imma noob spare"
  ],
  "log": "|j|\u2606Parrish2\n|j|\u2606imma noob spare\n|t:|1735734311\n|gametype|doubles\n|player|p1|Parrish2|birdkeeper-gen4dp|1164\n|player|p2|imma noob spare|ninjaboy|1107\n|teamsize|p1|6\n|teamsize|p2|4\n|gen|9\n|tier|[Gen 9] VGC 2024 Reg H\n|rated|\n|rule|Species Clause: Limit one of each Pok\u00e9mon\n|rule|Item Clause: Limit 1 of each item\n|clearpoke\n|poke|p1|Lilligant-Hisui, L50, F|\n|poke|p1|Hydrapple, L50, M|\n|poke|p1|Persian-Alola, L50, F|\n|poke|p1|Magnezone, L50|\n|poke|p1|Wyrdeer, L50, M|\n|poke|p1|Stonjourner, L50, F|\n|poke|p2|Weezing-Galar, L50, F|\n|poke|p2|Toedscruel, L50, M|\n|poke|p2|Slaking, L50, M|\n|poke|p2|Basculegion, L50, M|\n|teampreview|4\nParrish2 rejected open team sheets.\n|inactive|Battle timer is ON: inactive players will automatically lose when time's up. (requested by imma noob spare)\n|\n|t:|1735734333\n|start\n|switch|p1a: Persian|Persian-Alola, L50, F, shiny|100/100\n|switch|p1b: Hydrapple|Hydrapple, L50, M, shiny|100/100\n|switch|p2a: Weezing|Weezing-Galar, L50, F|100/100\n|switch|p2b: Toedscruel|Toedscruel, L50, M|100/100\n|-ability|p2a: Weezing|Neutralizing Gas\n|turn|1\n|inactive|Parrish2 has 30 seconds left.\n|\n|t:|1735734361\n|switch|p1b: Magnezone|Magnezone, L50, shiny|100/100\n|move|p1a: Persian|Fake Out|p2b: Toedscruel\n|-damage|p2b: Toedscruel|93/100\n|cant|p2b: Toedscruel|flinch\n|move|p2a: Weezing|Gunk Shot|p1b: Magnezone\n|-immune|p1b: Magnezone\n|\n|upkeep\n|turn|2\n|\n|t:|1735734377\n|move|p1a: Persian|Hypnosis|p2b: Toedscruel|[miss]\n|-miss|p1a: Persian|p2b: Toedscruel\n|move|p2b: Toedscruel|Spore|p1b: Magnezone\n|-status|p1b: Magnezone|slp|[from] move: Spore\n|move|p2a: Weezing|Will-O-Wisp|p1a: Persian\n|-status|p1a: Persian|brn\n|cant|p1b: Magnezone|slp\n|\n|-damage|p1a: Persian|95/100 brn|[from] brn\n|upkeep\n|turn|3\n|\n|t:|1735734392\n|move|p1a: Persian|Hypnosis|p2b: Toedscruel\n|-status|p2b: Toedscruel|slp|[from] move: Hypnosis\n|cant|p2b: Toedscruel|slp\n|cant|p1b: Magnezone|slp\n|move|p2a: Weezing|Play Rough|p1a: Persian\n|-supereffective|p1a: Persian\n|-damage|p1a: Persian|0 fnt\n|faint|p1a: Persian\n|\n|upkeep\n|\n|t:|1735734405\n|switch|p1a: Lilligant|Lilligant-Hisui, L50, F, shiny|100/100\n|turn|4\n|\n|t:|1735734416\n|-terastallize|p1a: Lilligant|Ghost\n|move|p1a: Lilligant|Triple Axel|p2a: Weezing|[miss]\n|-miss|p1a: Lilligant|p2a: Weezing\n|cant|p2b: Toedscruel|slp\n|move|p2a: Weezing|Gunk Shot|p1a: Lilligant\n|-resisted|p1a: Lilligant\n|-damage|p1a: Lilligant|55/100\n|-curestatus|p1b: Magnezone|slp|[msg]\n|move|p1b: Magnezone|Gravity|p1b: Magnezone\n|-fieldstart|move: Gravity\n|\n|upkeep\n|turn|5\n|inactive|imma noob spare has 30 seconds left.\n|\n|t:|1735734448\n|move|p1a: Lilligant|Triple Axel|p2b: Toedscruel\n|-supereffective|p2b: Toedscruel\n|-damage|p2b: Toedscruel|49/100 slp\n|-enditem|p2b: Toedscruel|Sitrus Berry|[eat]\n|-heal|p2b: Toedscruel|74/100 slp|[from] item: Sitrus Berry\n|-supereffective|p2b: Toedscruel\n|-damage|p2b: Toedscruel|0 fnt\n|faint|p2b: Toedscruel\n|-hitcount|p2: Toedscruel|2\n|move|p2a: Weezing|Play Rough|p1a: Lilligant\n|-damage|p1a: Lilligant|0 fnt\n|faint|p1a: Lilligant\n|move|p1b: Magnezone|Flash Cannon|p2a: Weezing\n|-supereffective|p2a: Weezing\n|-damage|p2a: Weezing|0 fnt\n|faint|p2a: Weezing\n|-end|p2a: Weezing|ability: Neutralizing Gas\n|\n|upkeep\n|\n|t:|1735734463\n|switch|p1a: Hydrapple|Hydrapple, L50, M, shiny|100/100\n|switch|p2b: Basculegion|Basculegion, L50, M|100/100\n|switch|p2a: Slaking|Slaking, L50, M|100/100\n|-ability|p1a: Hydrapple|Supersweet Syrup\n|-unboost|p2a: Slaking|evasion|1\n|-unboost|p2b: Basculegion|evasion|1\n|turn|6\n|\n|t:|1735734482\n|move|p2a: Slaking|Drain Punch|p1b: Magnezone\n|-supereffective|p1b: Magnezone\n|-damage|p1b: Magnezone|35/100\n|move|p2b: Basculegion|Last Respects|p1a: Hydrapple\n|-damage|p1a: Hydrapple|3/100\n|-damage|p2b: Basculegion|91/100|[from] item: Life Orb\n|move|p1b: Magnezone|Zap Cannon|p2b: Basculegion\n|-supereffective|p2b: Basculegion\n|-damage|p2b: Basculegion|0 fnt\n|faint|p2b: Basculegion\n|move|p1a: Hydrapple|Fickle Beam|p2a: Slaking\n|-damage|p2a: Slaking|68/100\n|\n|upkeep\n|turn|7\n|\n|t:|1735734504\n|move|p1b: Magnezone|Protect|p1b: Magnezone\n|-singleturn|p1b: Magnezone|Protect\n|cant|p2a: Slaking|ability: Truant\n|move|p1a: Hydrapple|Fickle Beam|p2a: Slaking\n|-damage|p2a: Slaking|36/100\n|\n|upkeep\n|turn|8\n|\n|t:|1735734514\n|move|p2a: Slaking|Drain Punch|p1b: Magnezone\n|-supereffective|p1b: Magnezone\n|-crit|p1b: Magnezone\n|-damage|p1b: Magnezone|0 fnt\n|-heal|p2a: Slaking|47/100|[from] drain|[of] p1b: Magnezone\n|faint|p1b: Magnezone\n|move|p1a: Hydrapple|Fickle Beam|p2a: Slaking|[anim] Fickle Beam All Out\n|-activate|p1a: Hydrapple|move: Fickle Beam\n|-damage|p2a: Slaking|0 fnt\n|faint|p2a: Slaking\n|\n|win|Parrish2\n|raw|Parrish2's rating: 1164 &rarr; <strong>1185</strong><br />(+21 for winning)\n|raw|imma noob spare's rating: 1107 &rarr; <strong>1086</strong><br />(-21 for losing)\n|l|\u2606imma noob spare\n|player|p2|\n|l|\u2606Parrish2\n|player|p1|\n",
  "uploadtime": 1735734894,
  "views": 12,
  "formatid": "gen9vgc2024regh",
  "rating": 1086,
  "private": 0,
  "password": null
}