{
  "id": "gen9vgc2024regh-2273222953",
  "format": "[Gen 9] VGC 2024 Reg H",
  "players": [
    "yanhaozhe",
    "Joonii"
  ],
  "log": "|j|\u2606yanhaozhe\n|j|\u2606Joonii\n|t:|1735752238\n|gametype|doubles\n|player|p1|yanhaozhe|swimmerf|1446\n|player|p2|Joonii|allister|1386\n|teamsize|p1|6\n|teamsize|p2|6\n|gen|9\n|tier|[Gen 9] VGC 2024 Reg H\n|rated|\n|rule|Species Clause: Limit one of each Pok\u00e9mon\n|rule|Item Clause: Limit 1 of each item\n|clearpoke\n|poke|p1|Indeedee-F, L50, F|\n|poke|p1|Torkoal, L50, F|\n|poke|p1|Incineroar, L50, F|\n|poke|p1|Primarina, L50, M|\n|poke|p1|Ursaluna, L50, F|\n|poke|p1|Farigiraf, L50, F|\n|poke|p2|Ursaluna-Bloodmoon, L50, M|\n|poke|p2|Dragonite, L50, M|\n|poke|p2|Primarina, L50, M|\n|poke|p2|Rillaboom, L50, F|\n|poke|p2|Toxtricity, L50, M|\n|poke|p2|Dusclops, L50, F|\n|teampreview|4\n|inactive|Battle timer is ON: inactive players will automatically lose when time's up. (requested by Joonii)\n|inactive|Joonii has 60 seconds left.\n|\n|t:|1735752297\n|start\n|switch|p1a: Farigiraf|Farigiraf, L50, F|100/100\n|switch|p1b: Primarina|Primarina, L50, M|100/100\n|switch|p2a: Duzklops|Dusclops, L50, F, shiny|100/100\n|switch|p2b: Madre enfadada|Ursaluna-Bloodmoon, L50, M|100/100\n|-ability|p2a: Duzklops|Pressure\n|turn|1\n|\n|t:|1735752317\n|move|p2b: Madre enfadada|Protect|p2b: Madre enfadada\n|-singleturn|p2b: Madre enfadada|Protect\n|move|p1b: Primarina|Hyper Voice|p2b: Madre enfadada|[spread] p2a\n|-activate|p2b: Madre enfadada|move: Protect\n|-damage|p2a: Duzklops|69/100\n|-damage|p1b: Primarina|91/100|[from] item: Life Orb\n|move|p2a: Duzklops|Will-O-Wisp|p1b: Primarina\n|-status|p1b: Primarina|brn\n|move|p1a: Farigiraf|Trick Room|p1a: Farigiraf\n|-fieldstart|move: Trick Room|[of] p1a: Farigiraf\n|\n|-damage|p1b: Primarina|85/100 brn|[from] brn\n|upkeep\n|turn|2\n|inactive|Joonii has 30 seconds left.\n|\n|t:|1735752346\n|switch|p1a: Ursaluna|Ursaluna, L50, F|100/100\n|-terastallize|p2b: Madre enfadada|Ghost\n|move|p2a: Duzklops|Hex|p1b: Primarina\n|-damage|p1b: Primarina|59/100 brn\n|move|p2b: Madre enfadada|Hyper Voice|p1b: Primarina|[spread] p1a,p1b\n|-crit|p1b: Primarina\n|-damage|p1a: Ursaluna|60/100\n|-damage|p1b: Primarina|0 fnt\n|faint|p1b: Primarina\n|-damage|p2b: Madre enfadada|91/100|[from] item: Life Orb\n|\n|-status|p1a: Ursaluna|brn|[from] item: Flame Orb\n|upkeep\n|\n|t:|1735752361\n|switch|p1b: Torkoal|Torkoal, L50, F|100/100\n|-weather|SunnyDay|[from] ability: Drought|[of] p1b: Torkoal\n|turn|3\n|inactive|Joonii has 30 seconds left.\n|\n|t:|1735752390\n|-terastallize|p1b: Torkoal|Fire\n|move|p1b: Torkoal|Eruption|p2a: Duzklops|[spread] p2a,p2b\n|-damage|p2a: Duzklops|0 fnt\n|-damage|p2b: Madre enfadada|0 fnt\n|faint|p2a: Duzklops\n|faint|p2b: Madre enfadada\n|move|p1a: Ursaluna|Headlong Rush|p2: Duzklops|[notarget]\n|-fail|p1a: Ursaluna\n|\n|-weather|SunnyDay|[upkeep]\n|-damage|p1a: Ursaluna|54/100 brn|[from] brn\n|upkeep\n|\n|t:|1735752403\n|switch|p2a: Ariel|Primarina, L50, M, shiny|100/100\n|switch|p2b: Groot|Rillaboom, L50, F|100/100\n|-fieldstart|move: Grassy Terrain|[from] ability: Grassy Surge|[of] p2b: Groot\n|turn|4\n|\n|t:|1735752420\n|move|p2b: Groot|Protect|p2b: Groot\n|-singleturn|p2b: Groot|Protect\n|move|p1b: Torkoal|Eruption|p2a: Ariel|[spread] p2a\n|-activate|p2b: Groot|move: Protect\n|-resisted|p2a: Ariel\n|-damage|p2a: Ariel|43/100\n|move|p1a: Ursaluna|Facade|p2a: Ariel\n|-damage|p2a: Ariel|0 fnt\n|faint|p2a: Ariel\n|\n|-weather|SunnyDay|[upkeep]\n|-heal|p1a: Ursaluna|60/100 brn|[from] Grassy Terrain\n|-damage|p1a: Ursaluna|54/100 brn|[from] brn\n|upkeep\n|turn|5\n|\n|t:|1735752437\n|move|p2b: Groot|Grassy Glide|p1a: Ursaluna\n|-supereffective|p1a: Ursaluna\n|-damage|p1a: Ursaluna|0 fnt\n|faint|p1a: Ursaluna\n|move|p1b: Torkoal|Eruption|p2b: Groot\n|-supereffective|p2b: Groot\n|-damage|p2b: Groot|0 fnt\n|faint|p2b: Groot\n|\n|win|yanhaozhe\n|raw|yanhaozhe's rating: 1446 &rarr; <strong>1463</strong><br />(+17 for winning)\n|raw|Joonii's rating: 1386 &rarr; <strong>1369</strong><br />(-17 for losing)\n|l|\u2606yanhaozhe\n|player|p1|\n",
  "uploadtime": 1735752764,
  "views": 335,
  "formatid": "gen9vgc2024regh",
  "rating": 1369,
  "private": 0,
  "password": null
}