{
  "id": "gen9vgc2024regh-2273149096",
  "format": "[Gen 9] VGC 2024 Reg H",
  "players": [
    "TheDeadKalemon",
    "kiet34"
  ],
  "log": "|j|\u2606TheDeadKalemon\n|j|\u2606kiet34\n|t:|1735740720\n|gametype|doubles\n|player|p1|TheDeadKalemon|psychic|1131\n|player|p2|kiet34|red|1060\n|teamsize|p1|6\n|teamsize|p2|6\n|gen|9\n|tier|[Gen 9] VGC 2024 Reg H\n|rated|\n|rule|Species Clause: Limit one of each Pok\u00e9mon\n|rule|Item Clause: Limit 1 of each item\n|clearpoke\n|poke|p1|Oricorio-Pom-Pom, L50, F|\n|poke|p1|Volcarona, L50, M|\n|poke|p1|Quaquaval, L50, F|\n|poke|p1|Kommo-o, L50, F|\n|poke|p1|Sylveon, L50, M|\n|poke|p1|Sneasler, L50, F|\n|poke|p2|Garchomp, L50, M|\n|poke|p2|Infernape, L50, M|\n|poke|p2|Gliscor, L50, M|\n|poke|p2|Floatzel, L50, M|\n|poke|p2|Torterra, L50, M|\n|poke|p2|Staraptor, L50, M|\n|teampreview|4\n|inactive|Battle timer is ON: inactive players will automatically lose when time's up. (requested by TheDeadKalemon)\nTheDeadKalemon has agreed to open team sheets.\n|\n|t:|1735740746\n|start\n|switch|p1a: Oricorio|Oricorio-Pom-Pom, L50, F, shiny|100/100\n|switch|p1b: Kommo-o|Kommo-o, L50, F|100/100\n|switch|p2a: Staraptor|Staraptor, L50, M, shiny|100/100\n|switch|p2b: Garchomp|Garchomp, L50, M, shiny|100/100\n|turn|1\n|inactive|TheDeadKalemon has 30 seconds left.\n|inactive|kiet34 has 30 seconds left.\n|inactive|TheDeadKalemon has 20 seconds left.\n|\n|t:|1735740781\n|-terastallize|p2b: Garchomp|Poison\n|move|p1b: Kommo-o|Protect|p1b: Kommo-o\n|-singleturn|p1b: Kommo-o|Protect\n|move|p2b: Garchomp|Scale Shot|p1b: Kommo-o\n|-activate|p1b: Kommo-o|move: Protect\n|move|p2a: Staraptor|Brave Bird|p1b: Kommo-o\n|-activate|p1b: Kommo-o|move: Protect\n|move|p1a: Oricorio|Tailwind|p1a: Oricorio\n|-sidestart|p1: TheDeadKalemon|move: Tailwind\n|\n|upkeep\n|turn|2\n|\n|t:|1735740795\n|-terastallize|p1a: Oricorio|Ground\n|move|p1a: Oricorio|Revelation Dance|p2b: Garchomp\n|-supereffective|p2b: Garchomp\n|-damage|p2b: Garchomp|35/100\n|move|p1b: Kommo-o|Clangorous Soul|p1b: Kommo-o\n|-boost|p1b: Kommo-o|atk|1\n|-boost|p1b: Kommo-o|def|1\n|-boost|p1b: Kommo-o|spa|1\n|-boost|p1b: Kommo-o|spd|1\n|-boost|p1b: Kommo-o|spe|1\n|-damage|p1b: Kommo-o|68/100\n|-enditem|p1b: Kommo-o|Throat Spray\n|-boost|p1b: Kommo-o|spa|1|[from] item: Throat Spray\n|-activate|p1a: Oricorio|ability: Dancer\n|move|p1a: Oricorio|Clangorous Soul|p1a: Oricorio|[from]ability: Dancer\n|-boost|p1a: Oricorio|atk|1\n|-boost|p1a: Oricorio|def|1\n|-boost|p1a: Oricorio|spa|1\n|-boost|p1a: Oricorio|spd|1\n|-boost|p1a: Oricorio|spe|1\n|-damage|p1a: Oricorio|68/100\n|move|p2b: Garchomp|Scale Shot|p1b: Kommo-o\n|-supereffective|p1b: Kommo-o\n|-damage|p1b: Kommo-o|54/100\n|-supereffective|p1b: Kommo-o\n|-damage|p1b: Kommo-o|41/100\n|-supereffective|p1b: Kommo-o\n|-damage|p1b: Kommo-o|28/100\n|-supereffective|p1b: Kommo-o\n|-damage|p1b: Kommo-o|16/100\n|-supereffective|p1b: Kommo-o\n|-damage|p1b: Kommo-o|2/100\n|-hitcount|p1b: Kommo-o|5\n|-unboost|p2b: Garchomp|def|1\n|-boost|p2b: Garchomp|spe|1\n|move|p2a: Staraptor|Tailwind|p2a: Staraptor\n|-sidestart|p2: kiet34|move: Tailwind\n|\n|upkeep\n|turn|3\n|inactive|TheDeadKalemon has 30 seconds left.\n|inactive|kiet34 has 30 seconds left.\n|inactive|TheDeadKalemon has 20 seconds left.\n|inactive|kiet34 has 20 seconds left.\n|inactive|TheDeadKalemon has 15 seconds left.\n|inactive|kiet34 has 15 seconds left.\n|\n|t:|1735740839\n|switch|p2b: Torterra|Torterra, L50, M, shiny|100/100\n|move|p1a: Oricorio|Revelation Dance|p2b: Torterra\n|-resisted|p2b: Torterra\n|-damage|p2b: Torterra|76/100\n|move|p1b: Kommo-o|Body Press|p2a: Staraptor\n|-damage|p2a: Staraptor|0 fnt\n|faint|p2a: Staraptor\n|\n|upkeep\n|\n|t:|1735740848\n|switch|p2a: Infernape|Infernape, L50, M, shiny|100/100\n|turn|4\n|\n|t:|1735740858\n|move|p2a: Infernape|Fake Out|p1b: Kommo-o\n|-damage|p1b: Kommo-o|0 fnt\n|faint|p1b: Kommo-o\n|move|p1a: Oricorio|Revelation Dance|p2a: Infernape\n|-supereffective|p2a: Infernape\n|-damage|p2a: Infernape|0 fnt\n|faint|p2a: Infernape\n|move|p2b: Torterra|Leaf Storm|p1a: Oricorio\n|-supereffective|p1a: Oricorio\n|-damage|p1a: Oricorio|0 fnt\n|-unboost|p2b: Torterra|spa|2\n|faint|p1a: Oricorio\n|\n|-sideend|p1: TheDeadKalemon|move: Tailwind\n|upkeep\n|\n|t:|1735740874\n|switch|p2a: Garchomp|Garchomp, L50, M, shiny, tera:Poison|35/100\n|switch|p1a: Volcarona|Volcarona, L50, M|100/100\n|switch|p1b: Sylveon|Sylveon, L50, M, shiny|100/100\n|turn|5\n|\n|t:|1735740890\n|move|p1b: Sylveon|Protect|p1b: Sylveon\n|-singleturn|p1b: Sylveon|Protect\n|move|p2a: Garchomp|Poison Jab|p1b: Sylveon\n|-activate|p1b: Sylveon|move: Protect\n|move|p1a: Volcarona|Fiery Dance|p2a: Garchomp\n|-damage|p2a: Garchomp|0 fnt\n|faint|p2a: Garchomp\n|move|p2b: Torterra|Rock Slide|p1b: Sylveon|[spread] p1a\n|-activate|p1b: Sylveon|move: Protect\n|-supereffective|p1a: Volcarona\n|-damage|p1a: Volcarona|0 fnt\n|faint|p1a: Volcarona\n|\n|-sideend|p2: kiet34|move: Tailwind\n|upkeep\n|turn|6\n|\n|t:|1735740905\n|move|p1b: Sylveon|Hyper Voice|p2b: Torterra\n|-damage|p2b: Torterra|6/100\n|-damage|p1b: Sylveon|91/100|[from] item: Life Orb\n|move|p2b: Torterra|Iron Head|p2: Garchomp|[notarget]\n|-fail|p2b: Torterra\n|\n|upkeep\n|turn|7\n|\n|t:|1735740914\n|move|p1b: Sylveon|Hyper Voice|p2b: Torterra\n|-damage|p2b: Torterra|0 fnt\n|faint|p2b: Torterra\n|-damage|p1b: Sylveon|81/100|[from] item: Life Orb\n|\n|win|TheDeadKalemon\n|raw|TheDeadKalemon's rating: 1131 &rarr; <strong>1150</strong><br />(+19 for winning)\n|raw|kiet34's rating: 1045 &rarr; <strong>1032</strong><br />(-13 for losing)\n|c|\u2606TheDeadKalemon|gg\n|c|\u2606TheDeadKalemon|how did iron head fail?\n|l|\u2606kiet34\n|player|p2|\n|l|\u2606TheDeadKalemon\n|player|p1|\n",
  "uploadtime": 1735741275,
  "views": 20,
  "formatid": "gen9vgc2024regh",
  "rating": 1032,
  "private": 0,
  "password": null
}