{
  "id": "gen9vgc2024regh-2273182693",
  "format": "[Gen 9] VGC 2024 Reg H",
  "players": [
    "yatokirito",
    "pocketzpaz"
  ],
  "log": "|j|\u2606yatokirito\n|j|\u2606pocketzpaz\n|t:|1735746397\n|gametype|doubles\n|player|p1|yatokirito|101|1125\n|player|p2|pocketzpaz|hilda-wonderlauncher|1041\n|teamsize|p1|6\n|teamsize|p2|6\n|gen|9\n|tier|[Gen 9] VGC 2024 Reg H\n|rated|\n|rule|Species Clause: Limit one of each Pok\u00e9mon\n|rule|Item Clause: Limit 1 of each item\n|clearpoke\n|poke|p1|Gardevoir, L50, F|\n|poke|p1|Noivern, L50, F|\n|poke|p1|Garchomp, L50, F|\n|poke|p1|Kilowattrel, L50, M|\n|poke|p1|Magnezone, L50|\n|poke|p1|Slaking, L50, F|\n|poke|p2|Lilligant-Hisui, L50, F|\n|poke|p2|Yanmega, L50, F|\n|poke|p2|Flapple, L50, M|\n|poke|p2|Ninetales-Alola, L50, F|\n|poke|p2|Sableye, L50, F|\n|poke|p2|Gengar, L50, F|\n|teampreview|4\n|\n|t:|1735746431\n|start\n|switch|p1a: Noivern|Noivern, L50, F|100/100\n|switch|p1b: Magnezone|Magnezone, L50|100/100\n|switch|p2a: BedBuge?|Yanmega, L50, F, shiny|100/100\n|switch|p2b: LilFreaker|Sableye, L50, F|100/100\n|turn|1\n|\n|t:|1735746484\n|move|p2b: LilFreaker|Gravity|p2b: LilFreaker\n|-fieldstart|move: Gravity\n|move|p2a: BedBuge?|Tailwind|p2a: BedBuge?\n|-sidestart|p2: pocketzpaz|move: Tailwind\n|move|p1b: Magnezone|Discharge|p2b: LilFreaker|[spread] p2a,p2b\n|-activate|p1a: Noivern|ability: Telepathy\n|-supereffective|p2a: BedBuge?\n|-enditem|p2a: BedBuge?|Focus Sash\n|-damage|p2a: BedBuge?|1/100\n|-damage|p2b: LilFreaker|37/100\n|-enditem|p2b: LilFreaker|Eject Button\n|\n|t:|1735746496\n|switch|p2b: LeanDog|Ninetales-Alola, L50, F, shiny|100/100\n|-weather|Snow|[from] ability: Snow Warning|[of] p2b: LeanDog\n|move|p1a: Noivern|Whirlwind|p2a: BedBuge?\n|drag|p2a: BigFreaker|Gengar, L50, F|100/100\n|\n|-weather|Snow|[upkeep]\n|upkeep\n|turn|2\n|\n|t:|1735746541\n|-terastallize|p2a: BigFreaker|Fighting\n|move|p2a: BigFreaker|Focus Blast|p1b: Magnezone\n|-supereffective|p1b: Magnezone\n|-damage|p1b: Magnezone|0 fnt\n|faint|p1b: Magnezone\n|move|p2b: LeanDog|Blizzard|p1a: Noivern\n|-supereffective|p1a: Noivern\n|-damage|p1a: Noivern|0 fnt\n|faint|p1a: Noivern\n|\n|-weather|Snow|[upkeep]\n|upkeep\n|\n|t:|1735746550\n|switch|p1a: Kilowattrel|Kilowattrel, L50, M|100/100\n|switch|p1b: Slaking|Slaking, L50, F|100/100\n|turn|3\n|\n|t:|1735746571\n|-terastallize|p1b: Slaking|Normal\n|move|p2a: BigFreaker|Hypnosis|p1b: Slaking\n|-status|p1b: Slaking|slp|[from] move: Hypnosis\n|move|p2b: LeanDog|Hypnosis|p1a: Kilowattrel\n|-status|p1a: Kilowattrel|slp|[from] move: Hypnosis\n|cant|p1a: Kilowattrel|slp\n|cant|p1b: Slaking|slp\n|\n|-weather|Snow|[upkeep]\n|upkeep\n|turn|4\n|\n|t:|1735746588\n|move|p2a: BigFreaker|Focus Blast|p1b: Slaking\n|-supereffective|p1b: Slaking\n|-damage|p1b: Slaking|0 fnt\n|faint|p1b: Slaking\n|move|p2b: LeanDog|Blizzard|p1a: Kilowattrel\n|-supereffective|p1a: Kilowattrel\n|-enditem|p1a: Kilowattrel|Focus Sash\n|-damage|p1a: Kilowattrel|1/100 slp\n|cant|p1a: Kilowattrel|slp\n|\n|-weather|Snow|[upkeep]\n|-sideend|p2: pocketzpaz|move: Tailwind\n|upkeep\n|turn|5\n|\n|t:|1735746602\n|-curestatus|p1a: Kilowattrel|slp|[msg]\n|move|p1a: Kilowattrel|Discharge|p2a: BigFreaker|[spread] p2a,p2b\n|-crit|p2a: BigFreaker\n|-damage|p2a: BigFreaker|36/100\n|-damage|p2b: LeanDog|68/100\n|-status|p2b: LeanDog|par\n|move|p2a: BigFreaker|Sludge Bomb|p1a: Kilowattrel\n|-damage|p1a: Kilowattrel|0 fnt\n|faint|p1a: Kilowattrel\n|\n|win|pocketzpaz\n|raw|yatokirito's rating: 1125 &rarr; <strong>1094</strong><br />(-31 for losing)\n|raw|pocketzpaz's rating: 1041 &rarr; <strong>1083</strong><br />(+42 for winning)\n|l|\u2606yatokirito\n|player|p1|\n",
  "uploadtime": 1735746621,
  "views": 129,
  "formatid": "gen9vgc2024regh",
  "rating": 1083,
  "private": 0,
  "password": null
}