{
  "id": "gen9vgc2024regh-2273177630",
  "format": "[Gen 9] VGC 2024 Reg H",
  "players": [
    "rasrailgun1234",
    "jar55"
  ],
  "log": "|j|\u2606rasrailgun1234\n|j|\u2606jar55\n|t:|1735745591\n|gametype|doubles\n|player|p1|rasrailgun1234|265|1479\n|player|p2|jar55|102|1366\n|teamsize|p1|6\n|teamsize|p2|6\n|gen|9\n|tier|[Gen 9] VGC 2024 Reg H\n|rated|\n|rule|Species Clause: Limit one of each Pok\u00e9mon\n|rule|Item Clause: Limit 1 of each item\n|clearpoke\n|poke|p1|Ursaluna-Bloodmoon, L50, M|\n|poke|p1|Sinistcha, L50|\n|poke|p1|Rillaboom, L50, F|\n|poke|p1|Porygon2, L50|\n|poke|p1|Maushold, L50|\n|poke|p1|Annihilape, L50, M|\n|poke|p2|Altaria, L50, F|\n|poke|p2|Rotom-Wash, L50|\n|poke|p2|Incineroar, L50, F|\n|poke|p2|Dugtrio, L50, M|\n|poke|p2|Sylveon, L50, M|\n|poke|p2|Gallade, L50, M|\n|teampreview|4\n|\n|t:|1735745653\n|start\n|switch|p1a: Rillaboom|Rillaboom, L50, F|100/100\n|switch|p1b: Sinistcha|Sinistcha, L50|100/100\n|switch|p2a: Altaria|Altaria, L50, F|100/100\n|switch|p2b: Rotom|Rotom-Wash, L50|100/100\n|-ability|p2a: Altaria|Cloud Nine\n|-fieldstart|move: Grassy Terrain|[from] ability: Grassy Surge|[of] p1a: Rillaboom\n|turn|1\n|\n|t:|1735745702\n|-terastallize|p2b: Rotom|Grass\n|move|p2b: Rotom|Will-O-Wisp|p1a: Rillaboom\n|-status|p1a: Rillaboom|brn\n|move|p2a: Altaria|Perish Song|p2a: Altaria\n|-start|p1a: Rillaboom|perish3|[silent]\n|-start|p1b: Sinistcha|perish3|[silent]\n|-start|p2a: Altaria|perish3|[silent]\n|-start|p2b: Rotom|perish3|[silent]\n|-fieldactivate|move: Perish Song\n|move|p1a: Rillaboom|Bullet Seed|p2b: Rotom\n|-resisted|p2b: Rotom\n|-damage|p2b: Rotom|96/100\n|-resisted|p2b: Rotom\n|-damage|p2b: Rotom|92/100\n|-resisted|p2b: Rotom\n|-crit|p2b: Rotom\n|-damage|p2b: Rotom|86/100\n|-resisted|p2b: Rotom\n|-damage|p2b: Rotom|81/100\n|-hitcount|p2b: Rotom|4\n|move|p1b: Sinistcha|Trick Room|p1b: Sinistcha\n|-fieldstart|move: Trick Room|[of] p1b: Sinistcha\n|\n|-damage|p1a: Rillaboom|95/100 brn|[from] brn\n|-start|p1a: Rillaboom|perish3\n|-start|p1b: Sinistcha|perish3\n|-start|p2a: Altaria|perish3\n|-start|p2b: Rotom|perish3\n|upkeep\n|turn|2\n|\n|t:|1735745758\n|switch|p1a: Ursaluna|Ursaluna-Bloodmoon, L50, M|100/100\n|switch|p2a: Incineroar|Incineroar, L50, F|100/100\n|-ability|p2a: Incineroar|Intimidate|boost\n|-unboost|p1a: Ursaluna|atk|1\n|-unboost|p1b: Sinistcha|atk|1\n|move|p1b: Sinistcha|Matcha Gotcha|p2b: Rotom|[spread] p2a\n|-miss|p1b: Sinistcha|p2b: Rotom\n|-resisted|p2a: Incineroar\n|-damage|p2a: Incineroar|88/100\n|move|p2b: Rotom|Will-O-Wisp|p1b: Sinistcha\n|-status|p1b: Sinistcha|brn\n|\n|-heal|p2a: Incineroar|94/100|[from] Grassy Terrain\n|-damage|p1b: Sinistcha|94/100 brn|[from] brn\n|-start|p1b: Sinistcha|perish2\n|-start|p2b: Rotom|perish2\n|upkeep\n|turn|3\n|inactive|Battle timer is ON: inactive players will automatically lose when time's up. (requested by rasrailgun1234)\n|\n|t:|1735745786\n|switch|p1b: Porygon2|Porygon2, L50|100/100\n|-ability|p1b: Porygon2|Download|boost\n|-boost|p1b: Porygon2|atk|1\n|move|p1a: Ursaluna|Protect|p1a: Ursaluna\n|-singleturn|p1a: Ursaluna|Protect\n|move|p2a: Incineroar|Fake Out|p1a: Ursaluna\n|-activate|p1a: Ursaluna|move: Protect\n|move|p2b: Rotom|Hydro Pump|p1a: Ursaluna\n|-activate|p1a: Ursaluna|move: Protect\n|\n|-heal|p2a: Incineroar|99/100|[from] Grassy Terrain\n|-start|p2b: Rotom|perish1\n|upkeep\n|turn|4\n|inactive|jar55 has 30 seconds left.\n|inactive|jar55 has 20 seconds left.\n|\n|t:|1735745823\n|switch|p2b: Altaria|Altaria, L50, F|100/100\n|-ability|p2b: Altaria|Cloud Nine\n|move|p1a: Ursaluna|Blood Moon|p2b: Altaria\n|-damage|p2b: Altaria|24/100\n|-damage|p1a: Ursaluna|90/100|[from] item: Life Orb\n|move|p1b: Porygon2|Tera Blast|p2b: Altaria\n|-damage|p2b: Altaria|0 fnt\n|faint|p2b: Altaria\n|move|p2a: Incineroar|Knock Off|p1b: Porygon2\n|-damage|p1b: Porygon2|70/100\n|-enditem|p1b: Porygon2|Eviolite|[from] move: Knock Off|[of] p2a: Incineroar\n|\n|-heal|p1a: Ursaluna|96/100|[from] Grassy Terrain\n|-heal|p1b: Porygon2|77/100|[from] Grassy Terrain\n|-heal|p2a: Incineroar|100/100|[from] Grassy Terrain\n|upkeep\n|inactive|jar55 has 30 seconds left.\n|j| Keyan_Sans\n|\n|t:|1735745850\n|switch|p2b: Rotom|Rotom-Wash, L50, tera:Grass|81/100\n|turn|5\n|inactive|jar55 has 30 seconds left.\n|inactive|jar55 has 20 seconds left.\n|\n|t:|1735745885\n|-terastallize|p1a: Ursaluna|Normal\n|move|p1a: Ursaluna|Hyper Voice|p2a: Incineroar|[spread] p2a,p2b\n|-damage|p2a: Incineroar|40/100\n|-damage|p2b: Rotom|15/100\n|-enditem|p2b: Rotom|Sitrus Berry|[eat]\n|-heal|p2b: Rotom|40/100|[from] item: Sitrus Berry\n|-damage|p1a: Ursaluna|86/100|[from] item: Life Orb\n|move|p1b: Porygon2|Ice Beam|p2b: Rotom\n|-supereffective|p2b: Rotom\n|-damage|p2b: Rotom|0 fnt\n|faint|p2b: Rotom\n|move|p2a: Incineroar|Parting Shot|p1a: Ursaluna\n|-unboost|p1a: Ursaluna|atk|1\n|-unboost|p1a: Ursaluna|spa|1\n|\n|t:|1735745899\n|switch|p2a: Gallade|Gallade, L50, M|100/100|[from] Parting Shot\n|\n|-heal|p1a: Ursaluna|92/100|[from] Grassy Terrain\n|-heal|p1b: Porygon2|83/100|[from] Grassy Terrain\n|-fieldend|move: Trick Room\n|-fieldend|move: Grassy Terrain\n|upkeep\n|\n|t:|1735745905\n|switch|p2b: Incineroar|Incineroar, L50, F|40/100\n|-ability|p2b: Incineroar|Intimidate|boost\n|-unboost|p1a: Ursaluna|atk|1\n|-unboost|p1b: Porygon2|atk|1\n|turn|6\n|inactive|jar55 has 30 seconds left.\n|inactive|jar55 has 20 seconds left.\n|inactive|jar55 has 15 seconds left.\n|\n|t:|1735745946\n|switch|p1b: Sinistcha|Sinistcha, L50|94/100 brn\n|-heal|p1a: Ursaluna|100/100|[from] ability: Hospitality|[of] p1b: Sinistcha\n|switch|p1a: Rillaboom|Rillaboom, L50, F|95/100 brn\n|-fieldstart|move: Grassy Terrain|[from] ability: Grassy Surge|[of] p1a: Rillaboom\n|move|p2a: Gallade|Sacred Sword|p1b: Sinistcha\n|-immune|p1b: Sinistcha\n|move|p2b: Incineroar|Knock Off|p1a: Rillaboom\n|-damage|p1a: Rillaboom|51/100 brn\n|-enditem|p1a: Rillaboom|Loaded Dice|[from] move: Knock Off|[of] p2b: Incineroar\n|\n|-heal|p1b: Sinistcha|100/100 brn|[from] Grassy Terrain\n|-heal|p2b: Incineroar|46/100|[from] Grassy Terrain\n|-heal|p1a: Rillaboom|57/100 brn|[from] Grassy Terrain\n|-damage|p1b: Sinistcha|94/100 brn|[from] brn\n|-damage|p1a: Rillaboom|51/100 brn|[from] brn\n|upkeep\n|turn|7\n|inactive|jar55 has 30 seconds left.\n|\n|t:|1735745975\n|move|p2a: Gallade|Protect|p2a: Gallade\n|-singleturn|p2a: Gallade|Protect\n|move|p1a: Rillaboom|Fake Out|p2b: Incineroar\n|-damage|p2b: Incineroar|40/100\n|cant|p2b: Incineroar|flinch\n|move|p1b: Sinistcha|Trick Room|p1b: Sinistcha\n|-fieldstart|move: Trick Room|[of] p1b: Sinistcha\n|\n|-heal|p1a: Rillaboom|57/100 brn|[from] Grassy Terrain\n|-heal|p2b: Incineroar|46/100|[from] Grassy Terrain\n|-heal|p1b: Sinistcha|100/100 brn|[from] Grassy Terrain\n|-damage|p1a: Rillaboom|51/100 brn|[from] brn\n|-damage|p1b: Sinistcha|94/100 brn|[from] brn\n|upkeep\n|turn|8\n|inactive|jar55 has 30 seconds left.\n|\n|t:|1735746002\n|move|p2b: Incineroar|Knock Off|p1b: Sinistcha\n|-supereffective|p1b: Sinistcha\n|-damage|p1b: Sinistcha|16/100 brn\n|-enditem|p1b: Sinistcha|Mental Herb|[from] move: Knock Off|[of] p2b: Incineroar\n|move|p1a: Rillaboom|Bullet Seed|p2a: Gallade\n|-damage|p2a: Gallade|88/100\n|-damage|p2a: Gallade|75/100\n|-damage|p2a: Gallade|62/100\n|-hitcount|p2a: Gallade|3\n|move|p1b: Sinistcha|Matcha Gotcha|p2b: Incineroar|[spread] p2a,p2b\n|-resisted|p2b: Incineroar\n|-damage|p2a: Gallade|31/100\n|-heal|p1b: Sinistcha|31/100 brn|[from] drain|[of] p2a: Gallade\n|-damage|p2b: Incineroar|32/100\n|-heal|p1b: Sinistcha|39/100 brn|[from] drain|[of] p2b: Incineroar\n|move|p2a: Gallade|Psycho Cut|p1a: Rillaboom\n|-crit|p1a: Rillaboom\n|-damage|p1a: Rillaboom|0 fnt\n|faint|p1a: Rillaboom\n|\n|-heal|p2b: Incineroar|38/100|[from] Grassy Terrain\n|-heal|p1b: Sinistcha|45/100 brn|[from] Grassy Terrain\n|-heal|p2a: Gallade|36/100|[from] Grassy Terrain\n|-damage|p1b: Sinistcha|39/100 brn|[from] brn\n|upkeep\n|l| Keyan_Sans\n|\n|t:|1735746021\n|switch|p1a: Ursaluna|Ursaluna-Bloodmoon, L50, M, tera:Normal|100/100\n|turn|9\n|\n|t:|1735746032\n|move|p2a: Gallade|Protect|p2a: Gallade\n|-singleturn|p2a: Gallade|Protect\n|move|p1a: Ursaluna|Hyper Voice|p2a: Gallade|[spread] p2b\n|-activate|p2a: Gallade|move: Protect\n|-damage|p2b: Incineroar|0 fnt\n|faint|p2b: Incineroar\n|-damage|p1a: Ursaluna|90/100|[from] item: Life Orb\n|move|p1b: Sinistcha|Matcha Gotcha|p2a: Gallade\n|-activate|p2a: Gallade|move: Protect\n|\n|-heal|p1a: Ursaluna|96/100|[from] Grassy Terrain\n|-heal|p1b: Sinistcha|45/100 brn|[from] Grassy Terrain\n|-heal|p2a: Gallade|42/100|[from] Grassy Terrain\n|-damage|p1b: Sinistcha|39/100 brn|[from] brn\n|upkeep\n|turn|10\n|-message|jar55 forfeited.\n|\n|win|rasrailgun1234\n|raw|rasrailgun1234's rating: 1479 &rarr; <strong>1493</strong><br />(+14 for winning)\n|raw|jar55's rating: 1366 &rarr; <strong>1352</strong><br />(-14 for losing)\n|l|\u2606jar55\n|player|p2|\n|l|\u2606rasrailgun1234\n|player|p1|\n",
  "uploadtime": 1735746397,
  "views": 126,
  "formatid": "gen9vgc2024regh",
  "rating": 1352,
  "private": 0,
  "password": null
}