{
  "id": "gen9vgc2024regh-2273215549",
  "format": "[Gen 9] VGC 2024 Reg H",
  "players": [
    "Joonii",
    "lolchair"
  ],
  "log": "|j|\u2606Joonii\n|j|\u2606lolchair\n|t:|1735751217\n|gametype|doubles\n|player|p1|Joonii|picnicker|1372\n|player|p2|lolchair|102|1388\n|teamsize|p1|6\n|teamsize|p2|6\n|gen|9\n|tier|[Gen 9] VGC 2024 Reg H\n|rated|\n|rule|Species Clause: Limit one of each Pok\u00e9mon\n|rule|Item Clause: Limit 1 of each item\n|clearpoke\n|poke|p1|Ursaluna-Bloodmoon, L50, M|\n|poke|p1|Dragonite, L50, M|\n|poke|p1|Primarina, L50, F|\n|poke|p1|Rillaboom, L50, M|\n|poke|p1|Toxtricity, L50, M|\n|poke|p1|Dusclops, L50, M|\n|poke|p2|Ursaluna-Bloodmoon, L50, M|\n|poke|p2|Porygon2, L50|\n|poke|p2|Amoonguss, L50, M|\n|poke|p2|Incineroar, L50, F|\n|poke|p2|Sneasler, L50, M|\n|poke|p2|Gastrodon, L50, F|\n|teampreview|4\n|inactive|Battle timer is ON: inactive players will automatically lose when time's up. (requested by Joonii)\n|inactive|Joonii has 60 seconds left.\n|\n|t:|1735751260\n|start\n|switch|p1a: Duzklops|Dusclops, L50, M, shiny|100/100\n|switch|p1b: Madre enfadada|Ursaluna-Bloodmoon, L50, M|100/100\n|switch|p2a: Incineroar|Incineroar, L50, F|100/100\n|switch|p2b: Sneasler|Sneasler, L50, M|100/100\n|-ability|p2a: Incineroar|Intimidate|boost\n|-unboost|p1a: Duzklops|atk|1\n|-unboost|p1b: Madre enfadada|atk|1\n|-ability|p1a: Duzklops|Pressure\n|turn|1\n|\n|t:|1735751279\n|move|p1b: Madre enfadada|Protect|p1b: Madre enfadada\n|-singleturn|p1b: Madre enfadada|Protect\n|move|p2b: Sneasler|Close Combat|p1b: Madre enfadada\n|-activate|p1b: Madre enfadada|move: Protect\n|move|p2a: Incineroar|Knock Off|p1a: Duzklops\n|-supereffective|p1a: Duzklops\n|-damage|p1a: Duzklops|54/100\n|-enditem|p1a: Duzklops|Eviolite|[from] move: Knock Off|[of] p2a: Incineroar\n|move|p1a: Duzklops|Trick Room|p1a: Duzklops\n|-fieldstart|move: Trick Room|[of] p1a: Duzklops\n|\n|upkeep\n|turn|2\n|inactive|Joonii has 30 seconds left.\n|\n|t:|1735751307\n|-terastallize|p1b: Madre enfadada|Ghost\n|move|p1a: Duzklops|Helping Hand|p1b: Madre enfadada\n|-singleturn|p1b: Madre enfadada|Helping Hand|[of] p1a: Duzklops\n|move|p1b: Madre enfadada|Earth Power|p2a: Incineroar\n|-supereffective|p2a: Incineroar\n|-damage|p2a: Incineroar|0 fnt\n|faint|p2a: Incineroar\n|-damage|p1b: Madre enfadada|91/100|[from] item: Life Orb\n|move|p2b: Sneasler|Close Combat|p1b: Madre enfadada\n|-immune|p1b: Madre enfadada\n|\n|upkeep\n|inactive|lolchair has 30 seconds left.\n|\n|t:|1735751336\n|switch|p2a: Porygon2|Porygon2, L50|100/100\n|-ability|p2a: Porygon2|Download|boost\n|-boost|p2a: Porygon2|spa|1\n|turn|3\n|\n|t:|1735751352\n|-terastallize|p2a: Porygon2|Ghost\n|move|p1a: Duzklops|Helping Hand|p1b: Madre enfadada\n|-singleturn|p1b: Madre enfadada|Helping Hand|[of] p1a: Duzklops\n|move|p1b: Madre enfadada|Hyper Voice|p2b: Sneasler|[spread] p2a,p2b\n|-damage|p2a: Porygon2|55/100\n|-damage|p2b: Sneasler|9/100\n|-damage|p1b: Madre enfadada|81/100|[from] item: Life Orb\n|move|p2a: Porygon2|Tera Blast|p1b: Madre enfadada|[anim] Tera Blast Ghost\n|-supereffective|p1b: Madre enfadada\n|-damage|p1b: Madre enfadada|0 fnt\n|faint|p1b: Madre enfadada\n|move|p2b: Sneasler|Throat Chop|p1a: Duzklops\n|-supereffective|p1a: Duzklops\n|-damage|p1a: Duzklops|8/100\n|-start|p1a: Duzklops|Throat Chop|[silent]\n|\n|upkeep\n|\n|t:|1735751372\n|switch|p1b: Groot|Rillaboom, L50, M|100/100\n|-fieldstart|move: Grassy Terrain|[from] ability: Grassy Surge|[of] p1b: Groot\n|turn|4\n|\n|t:|1735751390\n|move|p1b: Groot|Grassy Glide|p2b: Sneasler\n|-resisted|p2b: Sneasler\n|-damage|p2b: Sneasler|0 fnt\n|faint|p2b: Sneasler\n|move|p1a: Duzklops|Will-O-Wisp|p2a: Porygon2\n|-status|p2a: Porygon2|brn\n|move|p2a: Porygon2|Ice Beam|p1b: Groot\n|-supereffective|p1b: Groot\n|-damage|p1b: Groot|0 fnt\n|faint|p1b: Groot\n|\n|-heal|p1a: Duzklops|14/100|[from] Grassy Terrain\n|-heal|p2a: Porygon2|60/100 brn|[from] Grassy Terrain\n|-damage|p2a: Porygon2|55/100 brn|[from] brn\n|-end|p1a: Duzklops|Throat Chop|[silent]\n|upkeep\n|\n|t:|1735751406\n|switch|p1b: Ariel|Primarina, L50, F, shiny|100/100\n|switch|p2b: Gastrodon|Gastrodon, L50, F|100/100\n|turn|5\n|\n|t:|1735751428\n|move|p1a: Duzklops|Pain Split|p2b: Gastrodon\n|-sethp|p2b: Gastrodon|55/100|[from] move: Pain Split|[silent]\n|-sethp|p1a: Duzklops|81/100|[from] move: Pain Split\n|move|p2b: Gastrodon|Earth Power|p1a: Duzklops\n|-damage|p1a: Duzklops|50/100\n|move|p1b: Ariel|Haze|p1b: Ariel\n|-clearallboost\n|move|p2a: Porygon2|Thunderbolt|p1b: Ariel\n|-supereffective|p1b: Ariel\n|-damage|p1b: Ariel|46/100\n|\n|-heal|p1a: Duzklops|56/100|[from] Grassy Terrain\n|-heal|p2b: Gastrodon|61/100|[from] Grassy Terrain\n|-heal|p1b: Ariel|52/100|[from] Grassy Terrain\n|-heal|p1b: Ariel|58/100|[from] item: Leftovers\n|-heal|p2a: Porygon2|60/100 brn|[from] Grassy Terrain\n|-damage|p2a: Porygon2|55/100 brn|[from] brn\n|-fieldend|move: Trick Room\n|upkeep\n|turn|6\n|\n|t:|1735751452\n|move|p1a: Duzklops|Helping Hand|p1b: Ariel\n|-singleturn|p1b: Ariel|Helping Hand|[of] p1a: Duzklops\n|move|p2a: Porygon2|Thunderbolt|p1b: Ariel\n|-supereffective|p1b: Ariel\n|-damage|p1b: Ariel|10/100\n|move|p1b: Ariel|Moonblast|p2a: Porygon2\n|-damage|p2a: Porygon2|3/100 brn\n|-unboost|p2a: Porygon2|spa|1\n|move|p2b: Gastrodon|Earth Power|p1b: Ariel\n|-damage|p1b: Ariel|0 fnt\n|faint|p1b: Ariel\n|\n|-heal|p2a: Porygon2|8/100 brn|[from] Grassy Terrain\n|-heal|p2b: Gastrodon|67/100|[from] Grassy Terrain\n|-heal|p1a: Duzklops|62/100|[from] Grassy Terrain\n|-damage|p2a: Porygon2|3/100 brn|[from] brn\n|upkeep\n|turn|7\n|\n|t:|1735751476\n|move|p2a: Porygon2|Tera Blast|p1a: Duzklops|[anim] Tera Blast Ghost\n|-supereffective|p1a: Duzklops\n|-damage|p1a: Duzklops|12/100\n|move|p2b: Gastrodon|Yawn|p1a: Duzklops\n|-start|p1a: Duzklops|move: Yawn|[of] p2b: Gastrodon\n|move|p1a: Duzklops|Will-O-Wisp|p2b: Gastrodon\n|-status|p2b: Gastrodon|brn\n|\n|-heal|p2a: Porygon2|8/100 brn|[from] Grassy Terrain\n|-heal|p2b: Gastrodon|73/100 brn|[from] Grassy Terrain\n|-heal|p1a: Duzklops|18/100|[from] Grassy Terrain\n|-damage|p2a: Porygon2|3/100 brn|[from] brn\n|-damage|p2b: Gastrodon|67/100 brn|[from] brn\n|upkeep\n|turn|8\n|inactive|Joonii has 30 seconds left.\n|inactive|Joonii has 20 seconds left.\n|inactive|Joonii has 15 seconds left.\n|inactive|Joonii has 10 seconds left.\n|inactive|Joonii has 5 seconds left.\n|\n|t:|1735751531\n|move|p1a: Duzklops|Helping Hand|null|[notarget]\n|-fail|p1a: Duzklops\n|move|p2a: Porygon2|Tera Blast|p1a: Duzklops|[anim] Tera Blast Ghost\n|-supereffective|p1a: Duzklops\n|-damage|p1a: Duzklops|0 fnt\n|faint|p1a: Duzklops\n|\n|win|lolchair\n|raw|Joonii's rating: 1372 &rarr; <strong>1353</strong><br />(-19 for losing)\n|raw|lolchair's rating: 1388 &rarr; <strong>1407</strong><br />(+19 for winning)\n|l|\u2606lolchair\n|player|p2|\n|l|\u2606Joonii\n|player|p1|\n",
  "uploadtime": 1735751935,
  "views": 337,
  "formatid": "gen9vgc2024regh",
  "rating": 1353,
  "private": 0,
  "password": null
}