{
  "id": "gen9vgc2024regh-2273188985",
  "format": "[Gen 9] VGC 2024 Reg H",
  "players": [
    "lamebagels",
    "Azuael"
  ],
  "log": "|j|\u2606lamebagels\n|j|\u2606Azuael\n|t:|1735747366\n|gametype|doubles\n|player|p1|lamebagels|102|1368\n|player|p2|Azuael|170|1313\n|teamsize|p1|6\n|teamsize|p2|6\n|gen|9\n|tier|[Gen 9] VGC 2024 Reg H\n|rated|\n|rule|Species Clause: Limit one of each Pok\u00e9mon\n|rule|Item Clause: Limit 1 of each item\n|clearpoke\n|poke|p1|Vivillon-Pokeball, L50, M|\n|poke|p1|Vaporeon, L50, M|\n|poke|p1|Tauros-Paldea-Blaze, L50, M|\n|poke|p1|Dragalge, L50, F|\n|poke|p1|Braviary-Hisui, L50, M|\n|poke|p1|Hatterene, L50, F|\n|poke|p2|Rillaboom, L50, M|\n|poke|p2|Gengar, L50, M|\n|poke|p2|Murkrow, L50, F|\n|poke|p2|Charizard, L50, M|\n|poke|p2|Krookodile, L50, F|\n|poke|p2|Gholdengo, L50|\n|teampreview|4\n|\n|t:|1735747400\n|start\n|switch|p1a: Abysu|Vaporeon, L50, M|100/100\n|switch|p1b: DelToro|Tauros-Paldea-Blaze, L50, M, shiny|100/100\n|switch|p2a: Murkrow|Murkrow, L50, F, shiny|100/100\n|switch|p2b: Charizard|Charizard, L50, M|100/100\n|-ability|p1b: DelToro|Intimidate|boost\n|-unboost|p2a: Murkrow|atk|1\n|-unboost|p2b: Charizard|atk|1\n|turn|1\n|\n|t:|1735747434\n|switch|p2b: Krookodile|Krookodile, L50, F, shiny|100/100\n|-ability|p2b: Krookodile|Intimidate|boost\n|-unboost|p1a: Abysu|atk|1\n|-unboost|p1b: DelToro|atk|1\n|move|p2a: Murkrow|Tailwind|p2a: Murkrow\n|-sidestart|p2: Azuael|move: Tailwind\n|move|p1b: DelToro|Wild Charge|p2b: Krookodile\n|-immune|p2b: Krookodile\n|move|p1a: Abysu|Scald|p2b: Krookodile\n|-supereffective|p2b: Krookodile\n|-damage|p2b: Krookodile|0 fnt\n|faint|p2b: Krookodile\n|\n|upkeep\n|\n|t:|1735747451\n|switch|p2b: Gholdengo|Gholdengo, L50|100/100\n|turn|2\n|\n|t:|1735747468\n|move|p1b: DelToro|Protect|p1b: DelToro\n|-singleturn|p1b: DelToro|Protect\n|move|p2b: Gholdengo|Make It Rain|p1a: Abysu|[spread] p1a\n|-activate|p1b: DelToro|move: Protect\n|-resisted|p1a: Abysu\n|-damage|p1a: Abysu|88/100\n|-unboost|p2b: Gholdengo|spa|1\n|move|p2a: Murkrow|Foul Play|p1b: DelToro\n|-activate|p1b: DelToro|move: Protect\n|move|p1a: Abysu|Scald|p2b: Gholdengo\n|-damage|p2b: Gholdengo|62/100\n|-status|p2b: Gholdengo|brn\n|\n|-heal|p2b: Gholdengo|68/100 brn|[from] item: Leftovers\n|-damage|p2b: Gholdengo|62/100 brn|[from] brn\n|upkeep\n|turn|3\n|\n|t:|1735747504\n|move|p2b: Gholdengo|Protect|p2b: Gholdengo\n|-singleturn|p2b: Gholdengo|Protect\n|move|p2a: Murkrow|Foul Play|p1b: DelToro\n|-resisted|p1b: DelToro\n|-damage|p1b: DelToro|83/100\n|move|p1b: DelToro|Wild Charge|p2a: Murkrow\n|-supereffective|p2a: Murkrow\n|-damage|p2a: Murkrow|58/100\n|-damage|p1b: DelToro|71/100|[from] Recoil\n|move|p1a: Abysu|Ice Beam|p2a: Murkrow\n|-supereffective|p2a: Murkrow\n|-damage|p2a: Murkrow|0 fnt\n|faint|p2a: Murkrow\n|\n|-heal|p2b: Gholdengo|68/100 brn|[from] item: Leftovers\n|-damage|p2b: Gholdengo|62/100 brn|[from] brn\n|upkeep\n|\n|t:|1735747522\n|switch|p2a: Charizard|Charizard, L50, M|100/100\n|turn|4\n|\n|t:|1735747543\n|move|p1b: DelToro|Protect|p1b: DelToro\n|-singleturn|p1b: DelToro|Protect\n|move|p2a: Charizard|Hurricane|p1a: Abysu\n|-damage|p1a: Abysu|44/100\n|-start|p1a: Abysu|confusion\n|move|p2b: Gholdengo|Shadow Ball|p1b: DelToro\n|-activate|p1b: DelToro|move: Protect\n|-activate|p1a: Abysu|confusion\n|-damage|p1a: Abysu|41/100|[from] confusion\n|\n|-heal|p2b: Gholdengo|68/100 brn|[from] item: Leftovers\n|-damage|p2b: Gholdengo|62/100 brn|[from] brn\n|-sideend|p2: Azuael|move: Tailwind\n|upkeep\n|turn|5\n|\n|t:|1735747562\n|move|p2a: Charizard|Hurricane|p1b: DelToro\n|-supereffective|p1b: DelToro\n|-damage|p1b: DelToro|0 fnt\n|faint|p1b: DelToro\n|move|p2b: Gholdengo|Nasty Plot|p2b: Gholdengo\n|-boost|p2b: Gholdengo|spa|2\n|-activate|p1a: Abysu|confusion\n|move|p1a: Abysu|Scald|p2a: Charizard\n|-supereffective|p2a: Charizard\n|-crit|p2a: Charizard\n|-damage|p2a: Charizard|0 fnt\n|faint|p2a: Charizard\n|\n|-heal|p2b: Gholdengo|68/100 brn|[from] item: Leftovers\n|-damage|p2b: Gholdengo|62/100 brn|[from] brn\n|upkeep\n|\n|t:|1735747577\n|switch|p1b: Sukikirai|Dragalge, L50, F, shiny|100/100\n|turn|6\n|\n|t:|1735747595\n|switch|p1a: Brittany|Hatterene, L50, F, shiny|100/100\n|-terastallize|p2b: Gholdengo|Water\n|move|p1b: Sukikirai|Protect|p1b: Sukikirai\n|-singleturn|p1b: Sukikirai|Protect\n|move|p2b: Gholdengo|Make It Rain|p1b: Sukikirai|[spread] p1a\n|-activate|p1b: Sukikirai|move: Protect\n|-supereffective|p1a: Brittany\n|-damage|p1a: Brittany|0 fnt\n|-unboost|p2b: Gholdengo|spa|1\n|faint|p1a: Brittany\n|\n|-heal|p2b: Gholdengo|68/100 brn|[from] item: Leftovers\n|-damage|p2b: Gholdengo|62/100 brn|[from] brn\n|upkeep\n|\n|t:|1735747597\n|switch|p1a: Abysu|Vaporeon, L50, M|41/100\n|turn|7\n|\n|t:|1735747619\n|move|p2b: Gholdengo|Shadow Ball|p1b: Sukikirai\n|-damage|p1b: Sukikirai|58/100\n|-unboost|p1b: Sukikirai|spd|1\n|move|p1a: Abysu|Alluring Voice|p2b: Gholdengo\n|-damage|p2b: Gholdengo|36/100 brn\n|move|p1b: Sukikirai|Sludge Bomb|p2b: Gholdengo\n|-damage|p2b: Gholdengo|0 fnt\n|faint|p2b: Gholdengo\n|\n|win|lamebagels\n|raw|lamebagels's rating: 1368 &rarr; <strong>1385</strong><br />(+17 for winning)\n|raw|Azuael's rating: 1313 &rarr; <strong>1296</strong><br />(-17 for losing)\n|l|\u2606Azuael\n|player|p2|\n|l|\u2606lamebagels\n|player|p1|\n",
  "uploadtime": 1735747634,
  "views": 124,
  "formatid": "gen9vgc2024regh",
  "rating": 1296,
  "private": 0,
  "password": null
}