{
  "id": "gen9vgc2024regh-2273160638",
  "format": "[Gen 9] VGC 2024 Reg H",
  "players": [
    "timoaaaaa",
    "Popeye1"
  ],
  "log": "|j|\u2606timoaaaaa\n|j|\u2606Popeye1\n|t:|1735742799\n|gametype|doubles\n|player|p1|timoaaaaa|170|1402\n|player|p2|Popeye1|169|1474\n|teamsize|p1|6\n|teamsize|p2|6\n|gen|9\n|tier|[Gen 9] VGC 2024 Reg H\n|rated|\n|rule|Species Clause: Limit one of each Pok\u00e9mon\n|rule|Item Clause: Limit 1 of each item\n|clearpoke\n|poke|p1|Metagross, L50|\n|poke|p1|Incineroar, L50, M|\n|poke|p1|Ursaluna-Bloodmoon, L50, M|\n|poke|p1|Amoonguss, L50, F|\n|poke|p1|Dragonite, L50, F|\n|poke|p1|Whimsicott, L50, F|\n|poke|p2|Ceruledge, L50, M|\n|poke|p2|Amoonguss, L50, F|\n|poke|p2|Primarina, L50, M|\n|poke|p2|Corviknight, L50, M|\n|poke|p2|Garchomp, L50, M|\n|poke|p2|Gallade, L50, M|\n|teampreview|4\n|inactive|Battle timer is ON: inactive players will automatically lose when time's up. (requested by Popeye1)\nPopeye1 has agreed to open team sheets.\n|inactive|timoaaaaa has 60 seconds left.\n|inactive|Popeye1 has 60 seconds left.\ntimoaaaaa has agreed to open team sheets.\n|showteam|p1|Metagross||Leftovers|ClearBody|BulletPunch,Earthquake,IronDefense,MeteorMash||||||50|,,,,,Water]Incineroar||SafetyGoggles|Intimidate|FakeOut,FlareBlitz,KnockOff,PartingShot|||M|||50|,,,,,Ghost]Ursaluna-Bloodmoon||AssaultVest|MindsEye|BloodMoon,EarthPower,HyperVoice,VacuumWave|||M|||50|,,,,,Normal]Amoonguss||SitrusBerry|Regenerator|RagePowder,Spore,Protect,PollenPuff|||F|||50|,,,,,Fire]Dragonite||LoadedDice|Multiscale|Tailwind,ExtremeSpeed,ScaleShot,Protect|||F|||50|,,,,,Dragon]Whimsicott||CovertCloak|Prankster|Tailwind,Moonblast,SunnyDay,Encore|||F|||50|,,,,,Ghost\n|showteam|p2|Ceruledge||AssaultVest|FlashFire|BitterBlade,Poltergeist,ShadowSneak,TeraBlast|||M|||50|,,,,,Grass]Amoonguss||AguavBerry|Regenerator|PollenPuff,Spore,RagePowder,Protect|||F|||50|,,,,,Water]Primarina||ChoiceSpecs|LiquidVoice|HyperVoice,DazzlingGleam,IcyWind,IceBeam|||M|||50|,,,,,Steel]Corviknight||Leftovers|MirrorArmor|BraveBird,Tailwind,Taunt,Protect|||M|||50|,,,,,Dragon]Garchomp||LifeOrb|RoughSkin|DragonClaw,Earthquake,Protect,SwordsDance|||M|||50|,,,,,Ground]Gallade||ChoiceScarf|Sharpness|SacredSword,PsychoCut,NightSlash,LeafBlade|||M|||50|,,,,,Steel\n|\n|t:|1735742856\n|start\n|switch|p1a: Amoonguss|Amoonguss, L50, F|100/100\n|switch|p1b: Incineroar|Incineroar, L50, M|100/100\n|switch|p2a: Garchomp|Garchomp, L50, M|100/100\n|switch|p2b: Corviknight|Corviknight, L50, M|100/100\n|-ability|p1b: Incineroar|Intimidate|boost\n|-unboost|p2a: Garchomp|atk|1\n|-ability|p2b: Corviknight|Mirror Armor\n|-unboost|p1b: Incineroar|atk|1\n|turn|1\n|inactive|timoaaaaa has 30 seconds left.\n|\n|t:|1735742891\n|move|p2a: Garchomp|Protect|p2a: Garchomp\n|-singleturn|p2a: Garchomp|Protect\n|move|p2b: Corviknight|Brave Bird|p1a: Amoonguss\n|-supereffective|p1a: Amoonguss\n|-damage|p1a: Amoonguss|41/100\n|-enditem|p1a: Amoonguss|Sitrus Berry|[eat]\n|-heal|p1a: Amoonguss|66/100|[from] item: Sitrus Berry\n|-damage|p2b: Corviknight|79/100|[from] Recoil\n|move|p1b: Incineroar|Parting Shot|p2a: Garchomp\n|-activate|p2a: Garchomp|move: Protect\n|move|p1a: Amoonguss|Spore|p2a: Garchomp\n|-activate|p2a: Garchomp|move: Protect\n|\n|-heal|p2b: Corviknight|85/100|[from] item: Leftovers\n|upkeep\n|turn|2\n|\n|t:|1735742911\n|move|p1a: Amoonguss|Protect|p1a: Amoonguss\n|-singleturn|p1a: Amoonguss|Protect\n|move|p2a: Garchomp|Earthquake|p1a: Amoonguss|[spread] p1b\n|-activate|p1a: Amoonguss|move: Protect\n|-immune|p2b: Corviknight\n|-supereffective|p1b: Incineroar\n|-damage|p1b: Incineroar|46/100\n|-damage|p2a: Garchomp|91/100|[from] item: Life Orb\n|move|p2b: Corviknight|Brave Bird|p1a: Amoonguss\n|-activate|p1a: Amoonguss|move: Protect\n|move|p1b: Incineroar|Parting Shot|p2a: Garchomp\n|-unboost|p2a: Garchomp|atk|1\n|-unboost|p2a: Garchomp|spa|1\n|\n|t:|1735742925\n|switch|p1b: Metagross|Metagross, L50|100/100|[from] Parting Shot\n|\n|-heal|p2b: Corviknight|91/100|[from] item: Leftovers\n|upkeep\n|turn|3\n|\n|t:|1735742945\n|switch|p2a: Gallade|Gallade, L50, M|100/100\n|switch|p2b: Amoonguss|Amoonguss, L50, F|100/100\n|switch|p1a: Incineroar|Incineroar, L50, M|46/100\n|-ability|p1a: Incineroar|Intimidate|boost\n|-unboost|p2a: Gallade|atk|1\n|-unboost|p2b: Amoonguss|atk|1\n|-terastallize|p1b: Metagross|Water\n|move|p1b: Metagross|Iron Defense|p1b: Metagross\n|-boost|p1b: Metagross|def|2\n|\n|upkeep\n|turn|4\n|inactive|timoaaaaa has 30 seconds left.\n|inactive|Popeye1 has 30 seconds left.\n|inactive|timoaaaaa has 20 seconds left.\n|inactive|Popeye1 has 20 seconds left.\n|\n|t:|1735742984\n|move|p1a: Incineroar|Fake Out|p2a: Gallade\n|-damage|p2a: Gallade|80/100\n|move|p2b: Amoonguss|Rage Powder|p2b: Amoonguss\n|-singleturn|p2b: Amoonguss|move: Rage Powder\n|cant|p2a: Gallade|flinch\n|move|p1b: Metagross|Meteor Mash|p2b: Amoonguss\n|-damage|p2b: Amoonguss|63/100\n|\n|upkeep\n|turn|5\n|\n|t:|1735743008\n|move|p2a: Gallade|Sacred Sword|p1a: Incineroar\n|-supereffective|p1a: Incineroar\n|-damage|p1a: Incineroar|0 fnt\n|faint|p1a: Incineroar\n|move|p1b: Metagross|Meteor Mash|p2a: Gallade\n|-damage|p2a: Gallade|0 fnt\n|-boost|p1b: Metagross|atk|1\n|faint|p2a: Gallade\n|move|p2b: Amoonguss|Spore|p1b: Metagross\n|-status|p1b: Metagross|slp|[from] move: Spore\n|\n|upkeep\n|\n|t:|1735743024\n|switch|p2a: Garchomp|Garchomp, L50, M|91/100\n|switch|p1a: Amoonguss|Amoonguss, L50, F|99/100\n|turn|6\n|inactive|Popeye1 has 30 seconds left.\n|\n|t:|1735743051\n|switch|p2b: Corviknight|Corviknight, L50, M|91/100\n|move|p2a: Garchomp|Protect|p2a: Garchomp\n|-singleturn|p2a: Garchomp|Protect\n|cant|p1b: Metagross|slp\n|move|p1a: Amoonguss|Pollen Puff|p1b: Metagross\n|-immune|p1b: Metagross\n|\n|-heal|p2b: Corviknight|97/100|[from] item: Leftovers\n|upkeep\n|turn|7\n|\n|t:|1735743068\n|-terastallize|p2a: Garchomp|Ground\n|move|p1a: Amoonguss|Protect|p1a: Amoonguss\n|-singleturn|p1a: Amoonguss|Protect\n|move|p2a: Garchomp|Earthquake|p1a: Amoonguss|[spread] p1b\n|-activate|p1a: Amoonguss|move: Protect\n|-immune|p2b: Corviknight\n|-damage|p1b: Metagross|73/100 slp\n|-damage|p2a: Garchomp|81/100|[from] item: Life Orb\n|cant|p1b: Metagross|slp\n|move|p2b: Corviknight|Brave Bird|p1a: Amoonguss\n|-activate|p1a: Amoonguss|move: Protect\n|\n|-heal|p1b: Metagross|79/100 slp|[from] item: Leftovers\n|-heal|p2b: Corviknight|100/100|[from] item: Leftovers\n|upkeep\n|turn|8\n|inactive|Popeye1 has 30 seconds left.\n|inactive|timoaaaaa has 30 seconds left.\n|\n|t:|1735743099\n|move|p2a: Garchomp|Dragon Claw|p1a: Amoonguss\n|-damage|p1a: Amoonguss|51/100\n|-damage|p2a: Garchomp|71/100|[from] item: Life Orb\n|cant|p1b: Metagross|slp\n|move|p2b: Corviknight|Brave Bird|p1a: Amoonguss\n|-supereffective|p1a: Amoonguss\n|-damage|p1a: Amoonguss|0 fnt\n|faint|p1a: Amoonguss\n|-damage|p2b: Corviknight|82/100|[from] Recoil\n|\n|-heal|p1b: Metagross|84/100 slp|[from] item: Leftovers\n|-heal|p2b: Corviknight|88/100|[from] item: Leftovers\n|upkeep\n|\n|t:|1735743112\n|switch|p1a: Ursaluna|Ursaluna-Bloodmoon, L50, M|100/100\n|turn|9\n|inactive|Popeye1 has 30 seconds left.\n|\n|t:|1735743144\n|move|p2a: Garchomp|Protect|p2a: Garchomp\n|-singleturn|p2a: Garchomp|Protect\n|move|p1a: Ursaluna|Vacuum Wave|p2a: Garchomp\n|-activate|p2a: Garchomp|move: Protect\n|-curestatus|p1b: Metagross|slp|[msg]\n|move|p1b: Metagross|Bullet Punch|p2a: Garchomp\n|-activate|p2a: Garchomp|move: Protect\n|move|p2b: Corviknight|Brave Bird|p1a: Ursaluna\n|-damage|p1a: Ursaluna|72/100\n|-damage|p2b: Corviknight|79/100|[from] Recoil\n|\n|-heal|p1b: Metagross|90/100|[from] item: Leftovers\n|-heal|p2b: Corviknight|84/100|[from] item: Leftovers\n|upkeep\n|turn|10\n|inactive|timoaaaaa has 30 seconds left.\n|\n|t:|1735743170\n|move|p1a: Ursaluna|Vacuum Wave|p2a: Garchomp\n|-damage|p2a: Garchomp|54/100\n|move|p1b: Metagross|Bullet Punch|p2a: Garchomp\n|-damage|p2a: Garchomp|20/100\n|-damage|p1b: Metagross|78/100|[from] ability: Rough Skin|[of] p2a: Garchomp\n|move|p2a: Garchomp|Earthquake|p1b: Metagross|[spread] p1a,p1b\n|-immune|p2b: Corviknight\n|-damage|p1a: Ursaluna|24/100\n|-damage|p1b: Metagross|55/100\n|-damage|p2a: Garchomp|10/100|[from] item: Life Orb\n|move|p2b: Corviknight|Brave Bird|p1a: Ursaluna\n|-crit|p1a: Ursaluna\n|-damage|p1a: Ursaluna|0 fnt\n|faint|p1a: Ursaluna\n|-damage|p2b: Corviknight|76/100|[from] Recoil\n|\n|-heal|p1b: Metagross|60/100|[from] item: Leftovers\n|-heal|p2b: Corviknight|82/100|[from] item: Leftovers\n|upkeep\n|turn|11\n|\n|t:|1735743189\n|switch|p2a: Amoonguss|Amoonguss, L50, F|96/100\n|move|p1b: Metagross|Bullet Punch|p2a: Amoonguss\n|-damage|p2a: Amoonguss|72/100\n|move|p2b: Corviknight|Taunt|p1b: Metagross\n|-start|p1b: Metagross|move: Taunt\n|\n|-heal|p1b: Metagross|66/100|[from] item: Leftovers\n|-heal|p2b: Corviknight|88/100|[from] item: Leftovers\n|upkeep\n|turn|12\n|\n|t:|1735743201\n|move|p1b: Metagross|Meteor Mash|p2a: Amoonguss\n|-damage|p2a: Amoonguss|15/100\n|-boost|p1b: Metagross|atk|1\n|-enditem|p2a: Amoonguss|Aguav Berry|[eat]\n|-heal|p2a: Amoonguss|48/100|[from] item: Aguav Berry\n|move|p2b: Corviknight|Brave Bird|p1b: Metagross\n|-damage|p1b: Metagross|51/100\n|-damage|p2b: Corviknight|83/100|[from] Recoil\n|move|p2a: Amoonguss|Spore|p1b: Metagross\n|-status|p1b: Metagross|slp|[from] move: Spore\n|\n|-heal|p1b: Metagross|57/100 slp|[from] item: Leftovers\n|-heal|p2b: Corviknight|89/100|[from] item: Leftovers\n|upkeep\n|turn|13\n|\n|t:|1735743216\n|cant|p1b: Metagross|slp\n|move|p2b: Corviknight|Brave Bird|p1b: Metagross\n|-damage|p1b: Metagross|41/100 slp\n|-damage|p2b: Corviknight|84/100|[from] Recoil\n|move|p2a: Amoonguss|Pollen Puff|p1b: Metagross\n|-damage|p1b: Metagross|23/100 slp\n|\n|-heal|p1b: Metagross|29/100 slp|[from] item: Leftovers\n|-heal|p2b: Corviknight|90/100|[from] item: Leftovers\n|upkeep\n|turn|14\n|\n|t:|1735743229\n|-curestatus|p1b: Metagross|slp|[msg]\n|move|p1b: Metagross|Meteor Mash|p2a: Amoonguss\n|-damage|p2a: Amoonguss|0 fnt\n|faint|p2a: Amoonguss\n|move|p2b: Corviknight|Brave Bird|p1b: Metagross\n|-damage|p1b: Metagross|13/100\n|-damage|p2b: Corviknight|85/100|[from] Recoil\n|\n|-heal|p1b: Metagross|19/100|[from] item: Leftovers\n|-heal|p2b: Corviknight|91/100|[from] item: Leftovers\n|-end|p1b: Metagross|move: Taunt\n|upkeep\n|\n|t:|1735743233\n|switch|p2a: Garchomp|Garchomp, L50, M, tera:Ground|10/100\n|turn|15\n|\n|t:|1735743249\n|move|p2a: Garchomp|Protect|p2a: Garchomp\n|-singleturn|p2a: Garchomp|Protect\n|move|p1b: Metagross|Meteor Mash|p2b: Corviknight\n|-resisted|p2b: Corviknight\n|-damage|p2b: Corviknight|56/100\n|move|p2b: Corviknight|Brave Bird|p1b: Metagross\n|-damage|p1b: Metagross|3/100\n|-damage|p2b: Corviknight|51/100|[from] Recoil\n|\n|-heal|p1b: Metagross|9/100|[from] item: Leftovers\n|-heal|p2b: Corviknight|57/100|[from] item: Leftovers\n|upkeep\n|turn|16\n|\n|t:|1735743261\n|move|p1b: Metagross|Bullet Punch|p2a: Garchomp\n|-damage|p2a: Garchomp|0 fnt\n|-damage|p1b: Metagross|0 fnt|[from] ability: Rough Skin|[of] p2a: Garchomp\n|faint|p2a: Garchomp\n|faint|p1b: Metagross\n|\n|win|Popeye1\n|raw|timoaaaaa's rating: 1402 &rarr; <strong>1386</strong><br />(-16 for losing)\n|raw|Popeye1's rating: 1474 &rarr; <strong>1490</strong><br />(+16 for winning)\n|l|\u2606Popeye1\n|player|p2|\n|l|\u2606timoaaaaa\n|player|p1|\n",
  "uploadtime": 1735743628,
  "views": 133,
  "formatid": "gen9vgc2024regh",
  "rating": 1386,
  "private": 0,
  "password": null
}