{
  "id": "gen9vgc2024regh-2273110594",
  "format": "[Gen 9] VGC 2024 Reg H",
  "players": [
    "Dragonairfleet",
    "proplayervip"
  ],
  "log": "|j|\u2606Dragonairfleet\n|j|\u2606proplayervip\n|t:|1735732568\n|gametype|doubles\n|player|p1|Dragonairfleet|101|1233\n|player|p2|proplayervip|steven|1249\n|teamsize|p1|6\n|teamsize|p2|6\n|gen|9\n|tier|[Gen 9] VGC 2024 Reg H\n|rated|\n|rule|Species Clause: Limit one of each Pok\u00e9mon\n|rule|Item Clause: Limit 1 of each item\n|clearpoke\n|poke|p1|Toedscruel, L50, M|\n|poke|p1|Weezing-Galar, L50, M|\n|poke|p1|Porygon2, L50|\n|poke|p1|Tauros-Paldea-Aqua, L50, M|\n|poke|p1|Rillaboom, L50, F|\n|poke|p1|Drifblim, L50, F|\n|poke|p2|Pelipper, L50, M|\n|poke|p2|Gholdengo, L50|\n|poke|p2|Archaludon, L50, M|\n|poke|p2|Basculegion, L50, M|\n|poke|p2|Incineroar, L50, M|\n|poke|p2|Amoonguss, L50, M|\n|teampreview|4\n|inactive|Battle timer is ON: inactive players will automatically lose when time's up. (requested by Dragonairfleet)\n|\n|t:|1735732605\n|start\n|switch|p1a: Drifblim|Drifblim, L50, F|100/100\n|switch|p1b: Rillaboom|Rillaboom, L50, F|100/100\n|switch|p2a: Pelipper|Pelipper, L50, M, shiny|100/100\n|switch|p2b: Amoonguss|Amoonguss, L50, M, shiny|100/100\n|-fieldstart|move: Grassy Terrain|[from] ability: Grassy Surge|[of] p1b: Rillaboom\n|-enditem|p1a: Drifblim|Grassy Seed\n|-boost|p1a: Drifblim|def|1|[from] item: Grassy Seed\n|-weather|RainDance|[from] ability: Drizzle|[of] p2a: Pelipper\n|turn|1\n|inactive|proplayervip has 30 seconds left.\n|j| Crysantimo\n|inactive|Dragonairfleet has 30 seconds left.\n|\n|t:|1735732638\n|move|p1a: Drifblim|Tailwind|p1a: Drifblim\n|-sidestart|p1: Dragonairfleet|move: Tailwind\n|move|p1b: Rillaboom|U-turn|p2a: Pelipper\n|-resisted|p2a: Pelipper\n|-damage|p2a: Pelipper|89/100\n|\n|t:|1735732645\n|switch|p1b: Weezing|Weezing-Galar, L50, M|100/100|[from] U-turn\n|-ability|p1b: Weezing|Neutralizing Gas\n|move|p2a: Pelipper|Tailwind|p2a: Pelipper\n|-sidestart|p2: proplayervip|move: Tailwind\n|move|p2b: Amoonguss|Spore|p1a: Drifblim\n|-status|p1a: Drifblim|slp|[from] move: Spore\n|\n|-weather|RainDance|[upkeep]\n|upkeep\n|turn|2\n|inactive|proplayervip has 30 seconds left.\n|\n|t:|1735732671\n|-end|p1b: Weezing|ability: Neutralizing Gas\n|switch|p1b: Rillaboom|Rillaboom, L50, F|100/100\n|switch|p2a: Basculegion|Basculegion, L50, M, shiny|100/100\n|cant|p1a: Drifblim|slp\n|move|p2b: Amoonguss|Spore|p1b: Rillaboom\n|-immune|p1b: Rillaboom\n|\n|-weather|RainDance|[upkeep]\n|upkeep\n|turn|3\n|\n|t:|1735732694\n|switch|p2a: Archaludon|Archaludon, L50, M, shiny|100/100\n|move|p1b: Rillaboom|Grassy Glide|p2a: Archaludon\n|-resisted|p2a: Archaludon\n|-damage|p2a: Archaludon|94/100\n|-ability|p2a: Archaludon|Stamina|boost\n|-boost|p2a: Archaludon|def|1\n|cant|p1a: Drifblim|slp\n|move|p2b: Amoonguss|Sludge Bomb|p1a: Drifblim\n|-resisted|p1a: Drifblim\n|-damage|p1a: Drifblim|88/100 slp\n|\n|-weather|RainDance|[upkeep]\n|-heal|p2a: Archaludon|99/100|[from] Grassy Terrain\n|upkeep\n|turn|4\n|\n|t:|1735732719\n|-curestatus|p1a: Drifblim|slp|[msg]\n|move|p1a: Drifblim|Tailwind||[still]\n|-fail|p1a: Drifblim\n|move|p2a: Archaludon|Electro Shot||[still]\n|-prepare|p2a: Archaludon|Electro Shot\n|-boost|p2a: Archaludon|spa|1\n|-anim|p2a: Archaludon|Electro Shot|p1a: Drifblim\n|-supereffective|p1a: Drifblim\n|-damage|p1a: Drifblim|0 fnt\n|faint|p1a: Drifblim\n|move|p1b: Rillaboom|U-turn|p2b: Amoonguss\n|-damage|p2b: Amoonguss|79/100\n|\n|t:|1735732732\n|switch|p1b: Tauros|Tauros-Paldea-Aqua, L50, M|100/100|[from] U-turn\n|-ability|p1b: Tauros|Intimidate|boost\n|-unboost|p2a: Archaludon|atk|1\n|-unboost|p2b: Amoonguss|atk|1\n|move|p2b: Amoonguss|Sludge Bomb|p1b: Tauros\n|-damage|p1b: Tauros|68/100\n|-status|p1b: Tauros|psn\n|\n|-weather|RainDance|[upkeep]\n|-heal|p2a: Archaludon|100/100|[from] Grassy Terrain\n|-heal|p1b: Tauros|74/100 psn|[from] Grassy Terrain\n|-heal|p2b: Amoonguss|85/100|[from] Grassy Terrain\n|-heal|p2b: Amoonguss|91/100|[from] item: Leftovers\n|-damage|p1b: Tauros|62/100 psn|[from] psn\n|-sideend|p1: Dragonairfleet|move: Tailwind\n|-sideend|p2: proplayervip|move: Tailwind\n|upkeep\n|\n|t:|1735732754\n|switch|p1a: Rillaboom|Rillaboom, L50, F|100/100\n|turn|5\n|inactive|proplayervip has 30 seconds left.\n|\n|t:|1735732782\n|-terastallize|p2a: Archaludon|Grass\n|move|p1a: Rillaboom|Fake Out|p2b: Amoonguss\n|-damage|p2b: Amoonguss|78/100\n|move|p2a: Archaludon|Electro Shot||[still]\n|-prepare|p2a: Archaludon|Electro Shot\n|-boost|p2a: Archaludon|spa|1\n|-enditem|p1b: Tauros|Mirror Herb\n|-boost|p1b: Tauros|spa|1|[from] item: Mirror Herb\n|-anim|p2a: Archaludon|Electro Shot|p1b: Tauros\n|-supereffective|p1b: Tauros\n|-damage|p1b: Tauros|0 fnt\n|faint|p1b: Tauros\n|cant|p2b: Amoonguss|flinch\n|\n|-weather|RainDance|[upkeep]\n|-heal|p2b: Amoonguss|84/100|[from] Grassy Terrain\n|-heal|p2b: Amoonguss|91/100|[from] item: Leftovers\n|-fieldend|move: Grassy Terrain\n|upkeep\n|-message|Dragonairfleet forfeited.\n|\n|win|proplayervip\n|raw|Dragonairfleet's rating: 1233 &rarr; <strong>1209</strong><br />(-24 for losing)\n|raw|proplayervip's rating: 1249 &rarr; <strong>1273</strong><br />(+24 for winning)\n|l|\u2606Dragonairfleet\n|player|p1|\n",
  "uploadtime": 1735733081,
  "views": 34,
  "formatid": "gen9vgc2024regh",
  "rating": 1209,
  "private": 0,
  "password": null
}