{
  "id": "gen9vgc2024regh-2273136389",
  "format": "[Gen 9] VGC 2024 Reg H",
  "players": [
    "yamede\u86c7\u5982",
    "dyvahn"
  ],
  "log": "|j|\u2606yamede\u86c7\u5982\n|j|\u2606dyvahn\n|t:|1735738257\n|gametype|doubles\n|player|p1|yamede\u86c7\u5982|2|1274\n|player|p2|dyvahn|170|1185\n|teamsize|p1|6\n|teamsize|p2|6\n|gen|9\n|tier|[Gen 9] VGC 2024 Reg H\n|rated|\n|rule|Species Clause: Limit one of each Pok\u00e9mon\n|rule|Item Clause: Limit 1 of each item\n|clearpoke\n|poke|p1|Serperior, L50, F|\n|poke|p1|Ceruledge, L50, F|\n|poke|p1|Grimmsnarl, L50, M|\n|poke|p1|Sinistcha-Masterpiece, L50|\n|poke|p1|Talonflame, L50, M|\n|poke|p1|Rillaboom, L50, M|\n|poke|p2|Slaking, L50, M|\n|poke|p2|Weezing, L50, M|\n|poke|p2|Reuniclus, L50, F|\n|poke|p2|Palafin, L50, M|\n|poke|p2|Shiftry, L50, M|\n|poke|p2|Incineroar, L50, F|\n|teampreview|4\n|\n|t:|1735738343\n|start\n|switch|p1a: Talonflame|Talonflame, L50, M|100/100\n|switch|p1b: Rillaboom|Rillaboom, L50, M|100/100\n|switch|p2a: Shiftry|Shiftry, L50, M|100/100\n|switch|p2b: Reuniclus|Reuniclus, L50, F, shiny|100/100\n|-fieldstart|move: Grassy Terrain|[from] ability: Grassy Surge|[of] p1b: Rillaboom\n|turn|1\n|inactive|Battle timer is ON: inactive players will automatically lose when time's up. (requested by yamede\u86c7\u5982)\n|\n|t:|1735738430\n|switch|p2a: Slaking|Slaking, L50, M|100/100\n|move|p1b: Rillaboom|Fake Out|p2a: Slaking\n|-damage|p2a: Slaking|90/100\n|move|p1a: Talonflame|Taunt|p2b: Reuniclus\n|-start|p2b: Reuniclus|move: Taunt\n|cant|p2b: Reuniclus|move: Taunt|Skill Swap\n|\n|-heal|p2a: Slaking|96/100|[from] Grassy Terrain\n|upkeep\n|turn|2\n|\n|t:|1735738454\n|switch|p2a: Incineroar|Incineroar, L50, F|100/100\n|-ability|p2a: Incineroar|Intimidate|boost\n|-unboost|p1a: Talonflame|atk|1\n|-unboost|p1b: Rillaboom|atk|1\n|switch|p2b: Shiftry|Shiftry, L50, M|100/100\n|move|p1a: Talonflame|Will-O-Wisp|p2a: Incineroar\n|-immune|p2a: Incineroar\n|move|p1b: Rillaboom|U-turn|p2b: Shiftry\n|-supereffective|p2b: Shiftry\n|-enditem|p2b: Shiftry|Focus Sash\n|-damage|p2b: Shiftry|1/100\n|\n|t:|1735738472\n|switch|p1b: Serperior|Serperior, L50, F|100/100|[from] U-turn\n|\n|-heal|p2b: Shiftry|7/100|[from] Grassy Terrain\n|upkeep\n|turn|3\n|inactive|yamede\u86c7\u5982 has 30 seconds left.\n|\n|t:|1735738503\n|switch|p1a: Rillaboom|Rillaboom, L50, M|100/100\n|move|p2a: Incineroar|Fake Out|p1a: Rillaboom\n|-damage|p1a: Rillaboom|89/100\n|move|p1b: Serperior|Leaf Storm|p2b: Shiftry\n|-resisted|p2b: Shiftry\n|-damage|p2b: Shiftry|0 fnt\n|-boost|p1b: Serperior|spa|2\n|faint|p2b: Shiftry\n|\n|-heal|p1a: Rillaboom|95/100|[from] Grassy Terrain\n|upkeep\n|\n|t:|1735738522\n|switch|p2b: Reuniclus|Reuniclus, L50, F, shiny|100/100\n|turn|4\n|\n|t:|1735738537\n|move|p1a: Rillaboom|Fake Out|p2a: Incineroar\n|-damage|p2a: Incineroar|88/100\n|move|p1b: Serperior|Leaf Storm|p2b: Reuniclus\n|-damage|p2b: Reuniclus|20/100\n|-boost|p1b: Serperior|spa|2\n|cant|p2a: Incineroar|flinch\n|move|p2b: Reuniclus|Skill Swap|p2a: Incineroar\n|-activate|p2b: Reuniclus|move: Skill Swap|||[of] p2a: Incineroar\n|-ability|p2b: Reuniclus|Intimidate|boost\n|-unboost|p1a: Rillaboom|atk|1\n|-boost|p1b: Serperior|atk|1\n|\n|-heal|p1a: Rillaboom|100/100|[from] Grassy Terrain\n|-heal|p2a: Incineroar|94/100|[from] Grassy Terrain\n|-heal|p2b: Reuniclus|26/100|[from] Grassy Terrain\n|-heal|p2b: Reuniclus|32/100|[from] item: Leftovers\n|upkeep\n|turn|5\n|-message|dyvahn forfeited.\n|\n|win|yamede\u86c7\u5982\n|raw|yamede\u86c7\u5982's rating: 1274 &rarr; <strong>1293</strong><br />(+19 for winning)\n|raw|dyvahn's rating: 1185 &rarr; <strong>1166</strong><br />(-19 for losing)\n|l|\u2606dyvahn\n|player|p2|\n|l|\u2606yamede\u86c7\u5982\n|player|p1|\n",
  "uploadtime": 1735738921,
  "views": 32,
  "formatid": "gen9vgc2024regh",
  "rating": 1166,
  "private": 0,
  "password": null
}