{
  "id": "gen9vgc2024regh-2273187350",
  "format": "[Gen 9] VGC 2024 Reg H",
  "players": [
    "Evan_egggg",
    "Asti300"
  ],
  "log": "|j|\u2606Evan_egggg\n|j|\u2606Asti300\n|t:|1735747114\n|gametype|doubles\n|player|p1|Evan_egggg|lucas|1167\n|player|p2|Asti300|101|1183\n|teamsize|p1|6\n|teamsize|p2|6\n|gen|9\n|tier|[Gen 9] VGC 2024 Reg H\n|rated|\n|rule|Species Clause: Limit one of each Pok\u00e9mon\n|rule|Item Clause: Limit 1 of each item\n|clearpoke\n|poke|p1|Incineroar, L50, F|\n|poke|p1|Typhlosion-Hisui, L50, F|\n|poke|p1|Ursaluna-Bloodmoon, L50, M|\n|poke|p1|Amoonguss, L50, M|\n|poke|p1|Slowbro, L50, F|\n|poke|p1|Murkrow, L50, F|\n|poke|p2|Basculegion, L50, M|\n|poke|p2|Politoed, L50, M|\n|poke|p2|Arcanine, L50, M|\n|poke|p2|Hydreigon, L50, F|\n|poke|p2|Jumpluff, L50, F|\n|poke|p2|Garchomp, L50, M|\n|teampreview|4\n|inactive|Battle timer is ON: inactive players will automatically lose when time's up. (requested by Evan_egggg)\n|\n|t:|1735747130\n|start\n|switch|p1a: Slowbro|Slowbro, L50, F|100/100\n|switch|p1b: Ursaluna|Ursaluna-Bloodmoon, L50, M|100/100\n|switch|p2a: Jumpluff|Jumpluff, L50, F|100/100\n|switch|p2b: Garchomp|Garchomp, L50, M|100/100\n|turn|1\n|\n|t:|1735747146\n|switch|p2b: Hydreigon|Hydreigon, L50, F|100/100\n|move|p1b: Ursaluna|Protect|p1b: Ursaluna\n|-singleturn|p1b: Ursaluna|Protect\n|move|p2a: Jumpluff|Sleep Powder|p1b: Ursaluna\n|-activate|p1b: Ursaluna|move: Protect\n|move|p1a: Slowbro|Trick Room|p1a: Slowbro\n|-fieldstart|move: Trick Room|[of] p1a: Slowbro\n|\n|upkeep\n|turn|2\n|\n|t:|1735747174\n|switch|p1a: Incineroar|Incineroar, L50, F|100/100\n|-ability|p1a: Incineroar|Intimidate|boost\n|-unboost|p2a: Jumpluff|atk|1\n|-unboost|p2b: Hydreigon|atk|1\n|-terastallize|p1b: Ursaluna|Grass\n|move|p1b: Ursaluna|Blood Moon|p2b: Hydreigon\n|-damage|p2b: Hydreigon|0 fnt\n|faint|p2b: Hydreigon\n|-damage|p1b: Ursaluna|90/100|[from] item: Life Orb\n|move|p2a: Jumpluff|Sleep Powder|p1b: Ursaluna\n|-immune|p1b: Ursaluna\n|\n|upkeep\n|\n|t:|1735747191\n|switch|p2b: Politoed|Politoed, L50, M|100/100\n|-weather|RainDance|[from] ability: Drizzle|[of] p2b: Politoed\n|turn|3\n|\n|t:|1735747202\n|move|p1a: Incineroar|Knock Off|p2b: Politoed\n|-damage|p2b: Politoed|50/100\n|-enditem|p2b: Politoed|Leftovers|[from] move: Knock Off|[of] p1a: Incineroar\n|move|p1b: Ursaluna|Hyper Voice|p2a: Jumpluff|[spread] p2a,p2b\n|-damage|p2a: Jumpluff|55/100\n|-damage|p2b: Politoed|21/100\n|-damage|p1b: Ursaluna|80/100|[from] item: Life Orb\n|move|p2b: Politoed|Muddy Water|p1b: Ursaluna|[spread] p1a,p1b\n|-supereffective|p1a: Incineroar\n|-resisted|p1b: Ursaluna\n|-damage|p1a: Incineroar|40/100\n|-damage|p1b: Ursaluna|64/100\n|move|p2a: Jumpluff|Acrobatics|p1b: Ursaluna\n|-supereffective|p1b: Ursaluna\n|-damage|p1b: Ursaluna|52/100\n|\n|-weather|RainDance|[upkeep]\n|upkeep\n|turn|4\n|\n|t:|1735747224\n|move|p2b: Politoed|Protect|p2b: Politoed\n|-singleturn|p2b: Politoed|Protect\n|move|p1a: Incineroar|Knock Off|p2a: Jumpluff\n|-damage|p2a: Jumpluff|0 fnt\n|-enditem|p2a: Jumpluff|Covert Cloak|[from] move: Knock Off|[of] p1a: Incineroar\n|faint|p2a: Jumpluff\n|move|p1b: Ursaluna|Hyper Voice|p2b: Politoed\n|-activate|p2b: Politoed|move: Protect\n|\n|-weather|RainDance|[upkeep]\n|upkeep\n|\n|t:|1735747235\n|switch|p2a: Garchomp|Garchomp, L50, M|100/100\n|turn|5\n|\n|t:|1735747247\n|switch|p1a: Amoonguss|Amoonguss, L50, M, shiny|100/100\n|move|p2b: Politoed|Protect|p2b: Politoed\n|-singleturn|p2b: Politoed|Protect\n|move|p1b: Ursaluna|Blood Moon|p2b: Politoed\n|-activate|p2b: Politoed|move: Protect\n|move|p2a: Garchomp|Earthquake|p1a: Amoonguss|[spread] p1a,p1b\n|-activate|p2b: Politoed|move: Protect\n|-resisted|p1b: Ursaluna\n|-damage|p1a: Amoonguss|65/100\n|-damage|p1b: Ursaluna|40/100\n|\n|-weather|RainDance|[upkeep]\n|-fieldend|move: Trick Room\n|upkeep\n|turn|6\n|inactive|Asti300 has 30 seconds left.\n|\n|t:|1735747273\n|switch|p1b: Slowbro|Slowbro, L50, F|100/100\n|move|p2b: Politoed|Helping Hand|p2a: Garchomp\n|-singleturn|p2a: Garchomp|Helping Hand|[of] p2b: Politoed\n|move|p1a: Amoonguss|Protect|p1a: Amoonguss\n|-singleturn|p1a: Amoonguss|Protect\n|move|p2a: Garchomp|Dragon Claw|p1b: Slowbro\n|-damage|p1b: Slowbro|61/100\n|\n|-weather|RainDance|[upkeep]\n|upkeep\n|turn|7\n|\n|t:|1735747290\n|move|p2b: Politoed|Helping Hand|p2a: Garchomp\n|-singleturn|p2a: Garchomp|Helping Hand|[of] p2b: Politoed\n|move|p1a: Amoonguss|Rage Powder|p1a: Amoonguss\n|-singleturn|p1a: Amoonguss|move: Rage Powder\n|move|p2a: Garchomp|Stomping Tantrum|p1a: Amoonguss\n|-damage|p1a: Amoonguss|11/100\n|-enditem|p1a: Amoonguss|Sitrus Berry|[eat]\n|-heal|p1a: Amoonguss|36/100|[from] item: Sitrus Berry\n|move|p1b: Slowbro|Trick Room|p1b: Slowbro\n|-fieldstart|move: Trick Room|[of] p1b: Slowbro\n|\n|-weather|none\n|upkeep\n|turn|8\n|-message|Asti300 forfeited.\n|\n|win|Evan_egggg\n|raw|Evan_egggg's rating: 1167 &rarr; <strong>1193</strong><br />(+26 for winning)\n|raw|Asti300's rating: 1183 &rarr; <strong>1157</strong><br />(-26 for losing)\n|l|\u2606Asti300\n|player|p2|\n|l|\u2606Evan_egggg\n|player|p1|\n",
  "uploadtime": 1735747643,
  "views": 120,
  "formatid": "gen9vgc2024regh",
  "rating": 1157,
  "private": 0,
  "password": null
}