{
  "id": "gen9vgc2024regh-2273134495",
  "format": "[Gen 9] VGC 2024 Reg H",
  "players": [
    "Pflag7",
    "Gnarmander705"
  ],
  "log": "|j|\u2606Pflag7\n|j|\u2606Gnarmander705\n|t:|1735737878\n|gametype|doubles\n|player|p1|Pflag7|265|1444\n|player|p2|Gnarmander705|shadowtriad|1453\n|teamsize|p1|6\n|teamsize|p2|6\n|gen|9\n|tier|[Gen 9] VGC 2024 Reg H\n|rated|\n|rule|Species Clause: Limit one of each Pok\u00e9mon\n|rule|Item Clause: Limit 1 of each item\n|clearpoke\n|poke|p1|Sinistcha, L50|\n|poke|p1|Incineroar, L50, M|\n|poke|p1|Pelipper, L50, M|\n|poke|p1|Ursaluna, L50, M|\n|poke|p1|Archaludon, L50, F|\n|poke|p1|Dragapult, L50, M|\n|poke|p2|Archaludon, L50, M|\n|poke|p2|Politoed, L50, F|\n|poke|p2|Talonflame, L50, F|\n|poke|p2|Ursaluna-Bloodmoon, L50, M|\n|poke|p2|Indeedee, L50, M|\n|poke|p2|Incineroar, L50, M|\n|teampreview|4\n|inactive|Battle timer is ON: inactive players will automatically lose when time's up. (requested by Pflag7)\n|j| shihouijg6\n|inactive|Gnarmander705 has 60 seconds left.\n|l| shihouijg6\n|\n|t:|1735737960\n|start\n|switch|p1a: Ursaluna|Ursaluna, L50, M|100/100\n|switch|p1b: Sinistcha|Sinistcha, L50|100/100\n|switch|p2a: Talonflame|Talonflame, L50, F|100/100\n|switch|p2b: Indeedee|Indeedee, L50, M|100/100\n|-fieldstart|move: Psychic Terrain|[from] ability: Psychic Surge|[of] p2b: Indeedee\n|turn|1\n|\n|t:|1735737970\n|-terastallize|p1b: Sinistcha|Dark\n|move|p1a: Ursaluna|Protect|p1a: Ursaluna\n|-singleturn|p1a: Ursaluna|Protect\n|move|p2a: Talonflame|Taunt|p1b: Sinistcha\n|-start|p1b: Sinistcha|move: Taunt\n|move|p2b: Indeedee|Expanding Force|p1a: Ursaluna|[spread] \n|-activate|p1a: Ursaluna|move: Protect\n|-immune|p1b: Sinistcha\n|cant|p1b: Sinistcha|move: Taunt|Trick Room\n|\n|-status|p1a: Ursaluna|brn|[from] item: Flame Orb\n|upkeep\n|turn|2\n|\n|t:|1735737991\n|switch|p2a: Incineroar|Incineroar, L50, M|100/100\n|-ability|p2a: Incineroar|Intimidate|boost\n|-unboost|p1a: Ursaluna|atk|1\n|-unboost|p1b: Sinistcha|atk|1\n|switch|p1b: Incineroar|Incineroar, L50, M|100/100\n|-ability|p1b: Incineroar|Intimidate|boost\n|-unboost|p2a: Incineroar|atk|1\n|-unboost|p2b: Indeedee|atk|1\n|move|p2b: Indeedee|Expanding Force|p1a: Ursaluna|[spread] p1a\n|-immune|p1b: Incineroar\n|-damage|p1a: Ursaluna|33/100 brn\n|move|p1a: Ursaluna|Facade|p2b: Indeedee\n|-damage|p2b: Indeedee|0 fnt\n|faint|p2b: Indeedee\n|\n|-damage|p1a: Ursaluna|27/100 brn|[from] brn\n|upkeep\n|\n|t:|1735738008\n|switch|p2b: Archaludon|Archaludon, L50, M|100/100\n|turn|3\n|\n|t:|1735738025\n|switch|p1b: Sinistcha|Sinistcha, L50, tera:Dark|100/100\n|-heal|p1a: Ursaluna|52/100 brn|[from] ability: Hospitality|[of] p1b: Sinistcha\n|move|p1a: Ursaluna|Protect|p1a: Ursaluna\n|-singleturn|p1a: Ursaluna|Protect\n|move|p2b: Archaludon|Body Press|p1a: Ursaluna\n|-activate|p1a: Ursaluna|move: Protect\n|move|p2a: Incineroar|Knock Off|p1b: Sinistcha\n|-resisted|p1b: Sinistcha\n|-damage|p1b: Sinistcha|84/100\n|-enditem|p1b: Sinistcha|Sitrus Berry|[from] move: Knock Off|[of] p2a: Incineroar\n|\n|-damage|p1a: Ursaluna|46/100 brn|[from] brn\n|upkeep\n|turn|4\n|inactive|Pflag7 has 30 seconds left.\n|\n|t:|1735738055\n|switch|p2a: Talonflame|Talonflame, L50, F|100/100\n|-terastallize|p2b: Archaludon|Grass\n|move|p1b: Sinistcha|Rage Powder|p1b: Sinistcha\n|-singleturn|p1b: Sinistcha|move: Rage Powder\n|move|p2b: Archaludon|Body Press|p1a: Ursaluna\n|-supereffective|p1a: Ursaluna\n|-damage|p1a: Ursaluna|15/100 brn\n|move|p1a: Ursaluna|Earthquake|p2b: Archaludon|[spread] p1b,p2b\n|-immune|p2a: Talonflame\n|-resisted|p2b: Archaludon\n|-crit|p2b: Archaludon\n|-damage|p1b: Sinistcha|45/100\n|-damage|p2b: Archaludon|65/100\n|-ability|p2b: Archaludon|Stamina|boost\n|-boost|p2b: Archaludon|def|1\n|\n|-damage|p1a: Ursaluna|9/100 brn|[from] brn\n|upkeep\n|turn|5\n|inactive|Pflag7 has 30 seconds left.\n|\n|t:|1735738084\n|move|p1a: Ursaluna|Protect|p1a: Ursaluna\n|-singleturn|p1a: Ursaluna|Protect\n|move|p2a: Talonflame|Taunt|p1b: Sinistcha\n|-start|p1b: Sinistcha|move: Taunt\n|move|p2b: Archaludon|Snarl|p1b: Sinistcha|[spread] \n|-activate|p1a: Ursaluna|move: Protect\n|-miss|p2b: Archaludon|p1b: Sinistcha\n|cant|p1b: Sinistcha|move: Taunt|Life Dew\n|\n|-damage|p1a: Ursaluna|3/100 brn|[from] brn\n|-fieldend|move: Psychic Terrain\n|upkeep\n|turn|6\n|\n|t:|1735738103\n|switch|p1b: Incineroar|Incineroar, L50, M|100/100\n|-ability|p1b: Incineroar|Intimidate|boost\n|-unboost|p2a: Talonflame|atk|1\n|-unboost|p2b: Archaludon|atk|1\n|move|p2a: Talonflame|Flamethrower|p1a: Ursaluna\n|-crit|p1a: Ursaluna\n|-damage|p1a: Ursaluna|0 fnt\n|faint|p1a: Ursaluna\n|move|p2b: Archaludon|Body Press|p1b: Incineroar\n|-supereffective|p1b: Incineroar\n|-damage|p1b: Incineroar|43/100\n|\n|upkeep\n|\n|t:|1735738115\n|switch|p1a: Sinistcha|Sinistcha, L50, tera:Dark|45/100\n|-heal|p1b: Incineroar|68/100|[from] ability: Hospitality|[of] p1a: Sinistcha\n|turn|7\n|\n|t:|1735738128\n|switch|p2b: Incineroar|Incineroar, L50, M|100/100\n|-ability|p2b: Incineroar|Intimidate|boost\n|-unboost|p1a: Sinistcha|atk|1\n|-unboost|p1b: Incineroar|atk|1\n|move|p2a: Talonflame|Taunt|p1a: Sinistcha\n|-start|p1a: Sinistcha|move: Taunt\n|cant|p1a: Sinistcha|move: Taunt|Life Dew\n|move|p1b: Incineroar|Flare Blitz|p2b: Incineroar\n|-resisted|p2b: Incineroar\n|-damage|p2b: Incineroar|84/100\n|-damage|p1b: Incineroar|62/100|[from] Recoil\n|\n|upkeep\n|turn|8\n|\n|t:|1735738145\n|move|p2a: Talonflame|Flamethrower|p1a: Sinistcha\n|-damage|p1a: Sinistcha|16/100\n|move|p1a: Sinistcha|Matcha Gotcha|p2b: Incineroar|[spread] p2a,p2b\n|-resisted|p2a: Talonflame\n|-resisted|p2b: Incineroar\n|-damage|p2a: Talonflame|91/100\n|-heal|p1a: Sinistcha|20/100|[from] drain|[of] p2a: Talonflame\n|-damage|p2b: Incineroar|74/100\n|-heal|p1a: Sinistcha|26/100|[from] drain|[of] p2b: Incineroar\n|move|p1b: Incineroar|Knock Off|p2a: Talonflame\n|-damage|p2a: Talonflame|56/100\n|-enditem|p2a: Talonflame|Focus Sash|[from] move: Knock Off|[of] p1b: Incineroar\n|move|p2b: Incineroar|Flare Blitz|p1a: Sinistcha\n|-damage|p1a: Sinistcha|0 fnt\n|faint|p1a: Sinistcha\n|-damage|p2b: Incineroar|66/100|[from] Recoil\n|\n|upkeep\n|\n|t:|1735738161\n|switch|p1a: Dragapult|Dragapult, L50, M|100/100\n|turn|9\n|inactive|Pflag7 has 30 seconds left.\n|inactive|Pflag7 has 20 seconds left.\n|inactive|Pflag7 has 15 seconds left.\n|\n|t:|1735738204\n|switch|p2a: Archaludon|Archaludon, L50, M, tera:Grass|65/100\n|move|p1a: Dragapult|Draco Meteor|p2b: Incineroar\n|-damage|p2b: Incineroar|0 fnt\n|-unboost|p1a: Dragapult|spa|2\n|faint|p2b: Incineroar\n|move|p1b: Incineroar|Knock Off|p2a: Archaludon\n|-damage|p2a: Archaludon|46/100\n|-ability|p2a: Archaludon|Stamina|boost\n|-boost|p2a: Archaludon|def|1\n|-enditem|p2a: Archaludon|Assault Vest|[from] move: Knock Off|[of] p1b: Incineroar\n|\n|upkeep\n|\n|t:|1735738214\n|switch|p2b: Talonflame|Talonflame, L50, F|56/100\n|turn|10\n|\n|t:|1735738230\n|move|p2b: Talonflame|Hurricane|p1b: Incineroar\n|-damage|p1b: Incineroar|29/100\n|move|p1a: Dragapult|Draco Meteor|p2a: Archaludon\n|-damage|p2a: Archaludon|3/100\n|-unboost|p1a: Dragapult|spa|2\n|-ability|p2a: Archaludon|Stamina|boost\n|-boost|p2a: Archaludon|def|1\n|move|p2a: Archaludon|Body Press|p1b: Incineroar\n|-supereffective|p1b: Incineroar\n|-damage|p1b: Incineroar|0 fnt\n|faint|p1b: Incineroar\n|\n|upkeep\n|turn|11\n|\n|t:|1735738247\n|move|p2b: Talonflame|Hurricane|p1a: Dragapult|[miss]\n|-miss|p2b: Talonflame|p1a: Dragapult\n|move|p1a: Dragapult|Draco Meteor|p2a: Archaludon|[miss]\n|-miss|p1a: Dragapult|p2a: Archaludon\n|move|p2a: Archaludon|Snarl|p1a: Dragapult\n|-supereffective|p1a: Dragapult\n|-damage|p1a: Dragapult|50/100\n|\n|upkeep\n|turn|12\n|\n|t:|1735738258\n|move|p2b: Talonflame|Hurricane|p1a: Dragapult\n|-damage|p1a: Dragapult|0 fnt\n|faint|p1a: Dragapult\n|\n|win|Gnarmander705\n|raw|Pflag7's rating: 1444 &rarr; <strong>1425</strong><br />(-19 for losing)\n|raw|Gnarmander705's rating: 1453 &rarr; <strong>1472</strong><br />(+19 for winning)\n|l|\u2606Pflag7\n|player|p1|\n|l|\u2606Gnarmander705\n|player|p2|\n",
  "uploadtime": 1735738644,
  "views": 27,
  "formatid": "gen9vgc2024regh",
  "rating": 1425,
  "private": 0,
  "password": null
}