{
  "id": "gen9vgc2024regh-2273145107",
  "format": "[Gen 9] VGC 2024 Reg H",
  "players": [
    "TridungTang",
    "PugBurro"
  ],
  "log": "|j|\u2606TridungTang\n|j|\u2606PugBurro\n|t:|1735739968\n|gametype|doubles\n|player|p1|TridungTang|n|1456\n|player|p2|PugBurro|crasherwake|1550\n|teamsize|p1|6\n|teamsize|p2|6\n|gen|9\n|tier|[Gen 9] VGC 2024 Reg H\n|rated|\n|rule|Species Clause: Limit one of each Pok\u00e9mon\n|rule|Item Clause: Limit 1 of each item\n|clearpoke\n|poke|p1|Dragapult, L50, F|\n|poke|p1|Dragonite, L50, F|\n|poke|p1|Kingdra, L50, F|\n|poke|p1|Archaludon, L50, F|\n|poke|p1|Hydreigon, L50, M|\n|poke|p1|Garchomp, L50, M|\n|poke|p2|Whimsicott, L50, F|\n|poke|p2|Typhlosion-Hisui, L50, F|\n|poke|p2|Clefairy, L50, F|\n|poke|p2|Ursaluna-Bloodmoon, L50, M|\n|poke|p2|Farigiraf, L50, F|\n|poke|p2|Annihilape, L50, F|\n|teampreview|4\n|inactive|Battle timer is ON: inactive players will automatically lose when time's up. (requested by PugBurro)\n|\n|t:|1735739989\n|start\n|switch|p1a: Dragapult|Dragapult, L50, F, shiny|100/100\n|switch|p1b: Kingdra|Kingdra, L50, F, shiny|100/100\n|switch|p2a: Whimsicott|Whimsicott, L50, F|100/100\n|switch|p2b: Typhlosion|Typhlosion-Hisui, L50, F|100/100\n|turn|1\n|\n|t:|1735740002\n|-terastallize|p2b: Typhlosion|Fire\n|move|p1b: Kingdra|Protect|p1b: Kingdra\n|-singleturn|p1b: Kingdra|Protect\n|move|p2a: Whimsicott|Tailwind|p2a: Whimsicott\n|-sidestart|p2: PugBurro|move: Tailwind\n|move|p2b: Typhlosion|Shadow Ball|p1a: Dragapult\n|-supereffective|p1a: Dragapult\n|-enditem|p1a: Dragapult|Focus Sash\n|-damage|p1a: Dragapult|1/100\n|move|p1a: Dragapult|Dragon Cheer|p1b: Kingdra\n|-start|p1b: Kingdra|move: Dragon Cheer\n|\n|upkeep\n|turn|2\n|\n|t:|1735740020\n|move|p2a: Whimsicott|Encore|p1b: Kingdra\n|-start|p1b: Kingdra|Encore\n|move|p2b: Typhlosion|Shadow Ball|p1a: Dragapult\n|-supereffective|p1a: Dragapult\n|-damage|p1a: Dragapult|0 fnt\n|faint|p1a: Dragapult\n|move|p1b: Kingdra|Protect||[still]\n|-fail|p1b: Kingdra\n|\n|upkeep\n|\n|t:|1735740034\n|switch|p1a: Hydreigon|Hydreigon, L50, M, shiny|100/100\n|turn|3\n|\n|t:|1735740045\n|switch|p2b: Annihilape|Annihilape, L50, F|100/100\n|move|p1b: Kingdra|Protect|p1b: Kingdra\n|-singleturn|p1b: Kingdra|Protect\n|move|p2a: Whimsicott|Sunny Day|p2a: Whimsicott\n|-weather|SunnyDay\n|move|p1a: Hydreigon|Earth Power|p2b: Annihilape\n|-damage|p2b: Annihilape|82/100\n|\n|-weather|SunnyDay|[upkeep]\n|upkeep\n|turn|4\n|\n|t:|1735740057\n|-terastallize|p1a: Hydreigon|Fire\n|move|p1b: Kingdra|Protect||[still]\n|-fail|p1b: Kingdra\n|move|p2a: Whimsicott|Beat Up|p2b: Annihilape\n|-crit|p2b: Annihilape\n|-damage|p2b: Annihilape|79/100\n|-damage|p2b: Annihilape|76/100\n|-crit|p2b: Annihilape\n|-damage|p2b: Annihilape|72/100\n|-damage|p2b: Annihilape|69/100\n|-hitcount|p2b: Annihilape|4\n|move|p2b: Annihilape|Rage Fist|p1b: Kingdra\n|-damage|p1b: Kingdra|0 fnt\n|faint|p1b: Kingdra\n|move|p1a: Hydreigon|Heat Wave|p2b: Annihilape|[spread] p2a,p2b\n|-supereffective|p2a: Whimsicott\n|-enditem|p2a: Whimsicott|Focus Sash\n|-damage|p2a: Whimsicott|1/100\n|-damage|p2b: Annihilape|33/100\n|-status|p2a: Whimsicott|brn\n|\n|-weather|SunnyDay|[upkeep]\n|-damage|p2a: Whimsicott|0 fnt|[from] brn\n|faint|p2a: Whimsicott\n|-sideend|p2: PugBurro|move: Tailwind\n|upkeep\n|\n|t:|1735740082\n|switch|p2a: Typhlosion|Typhlosion-Hisui, L50, F, tera:Fire|100/100\n|switch|p1b: Garchomp|Garchomp, L50, M, shiny|100/100\n|turn|5\n|\n|t:|1735740091\n|move|p1b: Garchomp|Earthquake|p2b: Annihilape|[spread] p2a,p2b\n|-immune|p1a: Hydreigon|[from] ability: Levitate\n|-supereffective|p2a: Typhlosion\n|-damage|p2a: Typhlosion|0 fnt\n|-damage|p2b: Annihilape|0 fnt\n|faint|p2a: Typhlosion\n|faint|p2b: Annihilape\n|-damage|p1b: Garchomp|91/100|[from] item: Life Orb\n|move|p1a: Hydreigon|Heat Wave|p2: Typhlosion|[notarget]\n|-fail|p1a: Hydreigon\n|\n|-weather|SunnyDay|[upkeep]\n|upkeep\n|\n|t:|1735740096\n|switch|p2b: Ursaluna|Ursaluna-Bloodmoon, L50, M|100/100\n|turn|6\n|c|\u2606PugBurro|ggs\n|\n|t:|1735740107\n|move|p1b: Garchomp|Dragon Claw|p2b: Ursaluna\n|-damage|p2b: Ursaluna|58/100\n|-damage|p1b: Garchomp|81/100|[from] item: Life Orb\n|move|p1a: Hydreigon|Earth Power|p2b: Ursaluna\n|-damage|p2b: Ursaluna|22/100\n|move|p2b: Ursaluna|Blood Moon|p1a: Hydreigon\n|-damage|p1a: Hydreigon|2/100\n|\n|-weather|SunnyDay|[upkeep]\n|upkeep\n|turn|7\n|\n|t:|1735740121\n|move|p1b: Garchomp|Earthquake|p2b: Ursaluna|[spread] p2b\n|-immune|p1a: Hydreigon|[from] ability: Levitate\n|-damage|p2b: Ursaluna|0 fnt\n|faint|p2b: Ursaluna\n|-damage|p1b: Garchomp|71/100|[from] item: Life Orb\n|\n|win|TridungTang\n|raw|TridungTang's rating: 1456 &rarr; <strong>1481</strong><br />(+25 for winning)\n|raw|PugBurro's rating: 1550 &rarr; <strong>1525</strong><br />(-25 for losing)\n|l|\u2606PugBurro\n|player|p2|\n|l|\u2606TridungTang\n|player|p1|\n",
  "uploadtime": 1735740443,
  "views": 27,
  "formatid": "gen9vgc2024regh",
  "rating": 1481,
  "private": 0,
  "password": null
}