{
  "id": "gen9vgc2024regh-2273160657",
  "format": "[Gen 9] VGC 2024 Reg H",
  "players": [
    "Rezplendent",
    "Silkeneve"
  ],
  "log": "|j|\u2606Rezplendent\n|j|\u2606Silkeneve\n|t:|1735742803\n|gametype|doubles\n|player|p1|Rezplendent|ghetsis|1101\n|player|p2|Silkeneve|mars|1135\n|teamsize|p1|6\n|teamsize|p2|6\n|gen|9\n|tier|[Gen 9] VGC 2024 Reg H\n|rated|\n|rule|Species Clause: Limit one of each Pok\u00e9mon\n|rule|Item Clause: Limit 1 of each item\n|clearpoke\n|poke|p1|Tsareena, L50, F|\n|poke|p1|Decidueye-Hisui, L50, M|\n|poke|p1|Volcarona, L50, F|\n|poke|p1|Basculegion-F, L50, F|\n|poke|p1|Indeedee-F, L50, F|\n|poke|p1|Klefki, L50, M|\n|poke|p2|Ceruledge, L50, M|\n|poke|p2|Armarouge, L50, M|\n|poke|p2|Torkoal, L50, F|\n|poke|p2|Sawsbuck-Winter, L50, F|\n|poke|p2|Typhlosion-Hisui, L50, M|\n|poke|p2|Volcarona, L50, F|\n|teampreview|4\n|inactive|Battle timer is ON: inactive players will automatically lose when time's up. (requested by Silkeneve)\n|\n|t:|1735742854\n|start\n|switch|p1a: Queen|Volcarona, L50, F|100/100\n|switch|p1b: The Duke|Klefki, L50, M|100/100\n|switch|p2a: Torkoal|Torkoal, L50, F|100/100\n|switch|p2b: Typhlosion|Typhlosion-Hisui, L50, M|100/100\n|-item|p1a: Queen|Covert Cloak|[from] ability: Frisk|[of] p2b: Typhlosion\n|-item|p1b: The Duke|Leftovers|[from] ability: Frisk|[of] p2b: Typhlosion\n|-weather|SunnyDay|[from] ability: Drought|[of] p2a: Torkoal\n|turn|1\n|\n|t:|1735742867\n|-terastallize|p2b: Typhlosion|Fire\n|-terastallize|p1b: The Duke|Water\n|move|p1b: The Duke|Rain Dance|p1b: The Duke\n|-weather|RainDance\n|move|p2b: Typhlosion|Eruption|p1b: The Duke|[spread] p1a,p1b\n|-resisted|p1b: The Duke\n|-damage|p1a: Queen|61/100\n|-damage|p1b: The Duke|80/100\n|move|p1a: Queen|Quiver Dance|p1a: Queen\n|-boost|p1a: Queen|spa|1\n|-boost|p1a: Queen|spd|1\n|-boost|p1a: Queen|spe|1\n|move|p2a: Torkoal|Eruption|p1a: Queen|[spread] p1a,p1b\n|-resisted|p1b: The Duke\n|-damage|p1a: Queen|34/100\n|-damage|p1b: The Duke|60/100\n|\n|-weather|RainDance|[upkeep]\n|-heal|p1b: The Duke|66/100|[from] item: Leftovers\n|upkeep\n|turn|2\n|inactive|Rezplendent has 30 seconds left.\n|\n|t:|1735742893\n|switch|p2a: Armarouge|Armarouge, L50, M, shiny|100/100\n|move|p1b: The Duke|Misty Terrain|p1b: The Duke\n|-fieldstart|move: Misty Terrain\n|move|p2b: Typhlosion|Eruption|p1a: Queen|[spread] p1a,p1b\n|-resisted|p1b: The Duke\n|-damage|p1a: Queen|9/100\n|-damage|p1b: The Duke|45/100\n|move|p1a: Queen|Bug Buzz|p2b: Typhlosion\n|-resisted|p2b: Typhlosion\n|-damage|p2b: Typhlosion|46/100\n|\n|-weather|RainDance|[upkeep]\n|-heal|p1b: The Duke|51/100|[from] item: Leftovers\n|upkeep\n|turn|3\n|\n|t:|1735742913\n|switch|p2a: Torkoal|Torkoal, L50, F|100/100\n|-weather|SunnyDay|[from] ability: Drought|[of] p2a: Torkoal\n|move|p1b: The Duke|Rain Dance|p1b: The Duke\n|-weather|RainDance\n|move|p2b: Typhlosion|Eruption|p1a: Queen|[spread] p1a,p1b\n|-resisted|p1b: The Duke\n|-damage|p1a: Queen|0 fnt\n|-damage|p1b: The Duke|42/100\n|faint|p1a: Queen\n|\n|-weather|RainDance|[upkeep]\n|-heal|p1b: The Duke|48/100|[from] item: Leftovers\n|upkeep\n|\n|t:|1735742921\n|switch|p1a: Countess|Basculegion-F, L50, F|100/100\n|turn|4\n|\n|t:|1735742937\n|move|p1a: Countess|Muddy Water|p2b: Typhlosion|[spread] p2a,p2b\n|-supereffective|p2a: Torkoal\n|-supereffective|p2b: Typhlosion\n|-damage|p2a: Torkoal|0 fnt\n|-damage|p2b: Typhlosion|0 fnt\n|faint|p2a: Torkoal\n|faint|p2b: Typhlosion\n|move|p1b: The Duke|Foul Play|p2: Torkoal|[notarget]\n|-fail|p1b: The Duke\n|\n|-weather|RainDance|[upkeep]\n|-heal|p1b: The Duke|54/100|[from] item: Leftovers\n|upkeep\n|\n|t:|1735742944\n|switch|p2b: Ceruledge|Ceruledge, L50, M, shiny|100/100\n|switch|p2a: Armarouge|Armarouge, L50, M, shiny|100/100\n|turn|5\n|\n|t:|1735742953\n|move|p2b: Ceruledge|Ally Switch|p2b: Ceruledge\n|swap|p2b: Ceruledge|0|[from] move: Ally Switch\n|move|p1a: Countess|Muddy Water|p2a: Ceruledge|[spread] p2a,p2b\n|-supereffective|p2a: Ceruledge\n|-supereffective|p2b: Armarouge\n|-damage|p2a: Ceruledge|0 fnt\n|-damage|p2b: Armarouge|0 fnt\n|faint|p2a: Ceruledge\n|faint|p2b: Armarouge\n|\n|win|Rezplendent\n|raw|Rezplendent's rating: 1101 &rarr; <strong>1128</strong><br />(+27 for winning)\n|raw|Silkeneve's rating: 1135 &rarr; <strong>1108</strong><br />(-27 for losing)\n|c|\u2606Rezplendent|gg\n|c|\u2606Silkeneve|gg!\n|c|\u2606Silkeneve|nice sun counter :>\n|c|\u2606Rezplendent|thx\n|l|\u2606Silkeneve\n|player|p2|\n",
  "uploadtime": 1735742960,
  "views": 138,
  "formatid": "gen9vgc2024regh",
  "rating": 1108,
  "private": 0,
  "password": null
}