{
  "id": "gen9vgc2024regh-2273146800",
  "format": "[Gen 9] VGC 2024 Reg H",
  "players": [
    "2012zar",
    "NewBalance"
  ],
  "log": "|j|\u26062012zar\n|j|\u2606NewBalance\n|t:|1735740288\n|gametype|doubles\n|player|p1|2012zar|2|1389\n|player|p2|NewBalance|265|1307\n|teamsize|p1|6\n|teamsize|p2|6\n|gen|9\n|tier|[Gen 9] VGC 2024 Reg H\n|rated|\n|rule|Species Clause: Limit one of each Pok\u00e9mon\n|rule|Item Clause: Limit 1 of each item\n|clearpoke\n|poke|p1|Ursaluna-Bloodmoon, L50, M|\n|poke|p1|Sneasler, L50, M|\n|poke|p1|Electabuzz, L50, M|\n|poke|p1|Talonflame, L50, M|\n|poke|p1|Incineroar, L50, F|\n|poke|p1|Indeedee, L50, M|\n|poke|p2|Weezing, L50, F|\n|poke|p2|Toedscruel, L50, F|\n|poke|p2|Incineroar, L50, M|\n|poke|p2|Dragapult, L50, M|\n|poke|p2|Palafin, L50, F|\n|poke|p2|Kilowattrel, L50, F|\n|teampreview|4\n|inactive|Battle timer is ON: inactive players will automatically lose when time's up. (requested by 2012zar)\n|\n|t:|1735740308\n|start\n|switch|p1a: Incineroar|Incineroar, L50, F|100/100\n|switch|p1b: Ursaluna|Ursaluna-Bloodmoon, L50, M|100/100\n|switch|p2a: Weezing|Weezing, L50, F|100/100\n|switch|p2b: Dragapult|Dragapult, L50, M|100/100\n|-ability|p2a: Weezing|Neutralizing Gas\n|turn|1\n|inactive|2012zar has 30 seconds left.\n|inactive|NewBalance has 30 seconds left.\n|inactive|2012zar has 20 seconds left.\n|inactive|NewBalance has 20 seconds left.\n|inactive|2012zar has 15 seconds left.\n|inactive|NewBalance has 15 seconds left.\n|inactive|2012zar has 10 seconds left.\n|inactive|NewBalance has 10 seconds left.\n|\n|t:|1735740358\n|move|p2a: Weezing|Protect|p2a: Weezing\n|-singleturn|p2a: Weezing|Protect\n|move|p1a: Incineroar|Fake Out|p2a: Weezing\n|-activate|p2a: Weezing|move: Protect\n|move|p2b: Dragapult|U-turn|p1a: Incineroar\n|-damage|p1a: Incineroar|65/100\n|\n|t:|1735740365\n|switch|p2b: Toedscruel|Toedscruel, L50, F|100/100|[from] U-turn\n|move|p1b: Ursaluna|Earth Power|p2a: Weezing\n|-activate|p2a: Weezing|move: Protect\n|\n|upkeep\n|turn|2\n|\n|t:|1735740381\n|-end|p2a: Weezing|ability: Neutralizing Gas\n|-ability|p1a: Incineroar|Intimidate|boost\n|-unboost|p2a: Weezing|atk|1\n|-unboost|p2b: Toedscruel|atk|1\n|switch|p2a: Dragapult|Dragapult, L50, M|100/100\n|move|p1b: Ursaluna|Protect|p1b: Ursaluna\n|-singleturn|p1b: Ursaluna|Protect\n|move|p2b: Toedscruel|Earth Power|p1a: Incineroar\n|-supereffective|p1a: Incineroar\n|-damage|p1a: Incineroar|0 fnt\n|faint|p1a: Incineroar\n|-damage|p2b: Toedscruel|91/100|[from] item: Life Orb\n|\n|upkeep\n|\n|t:|1735740392\n|switch|p1a: Sneasler|Sneasler, L50, M|100/100\n|turn|3\n|\n|t:|1735740409\n|switch|p2b: Incineroar|Incineroar, L50, M|100/100\n|-ability|p2b: Incineroar|Intimidate|boost\n|-unboost|p1a: Sneasler|atk|1\n|-unboost|p1b: Ursaluna|atk|1\n|move|p2a: Dragapult|Outrage|p1b: Ursaluna\n|-damage|p1b: Ursaluna|19/100\n|move|p1a: Sneasler|Dire Claw|p2b: Incineroar\n|-damage|p2b: Incineroar|73/100\n|move|p1b: Ursaluna|Hyper Voice|p2b: Incineroar|[spread] p2a,p2b\n|-damage|p2a: Dragapult|31/100\n|-damage|p2b: Incineroar|26/100\n|-damage|p1b: Ursaluna|9/100|[from] item: Life Orb\n|\n|upkeep\n|turn|4\n|\n|t:|1735740428\n|switch|p1a: Indeedee|Indeedee, L50, M|100/100\n|-fieldstart|move: Psychic Terrain|[from] ability: Psychic Surge|[of] p1a: Indeedee\n|move|p2b: Incineroar|Fake Out|p1a: Indeedee\n|-activate|p1a: Indeedee|move: Psychic Terrain\n|move|p2a: Dragapult|Outrage|p1a: Indeedee|[from]lockedmove\n|-enditem|p1a: Indeedee|Focus Sash\n|-damage|p1a: Indeedee|1/100\n|-start|p2a: Dragapult|confusion|[fatigue]\n|move|p1b: Ursaluna|Hyper Voice|p2b: Incineroar|[spread] p2a,p2b\n|-damage|p2a: Dragapult|0 fnt\n|-damage|p2b: Incineroar|0 fnt\n|faint|p2a: Dragapult\n|faint|p2b: Incineroar\n|-damage|p1b: Ursaluna|0 fnt|[from] item: Life Orb\n|faint|p1b: Ursaluna\n|\n|upkeep\n|\n|t:|1735740444\n|switch|p2a: Weezing|Weezing, L50, F|100/100\n|switch|p2b: Toedscruel|Toedscruel, L50, F|91/100\n|switch|p1b: Sneasler|Sneasler, L50, M|100/100\n|-ability|p2a: Weezing|Neutralizing Gas\n|-enditem|p1b: Sneasler|Psychic Seed\n|-boost|p1b: Sneasler|spd|1|[from] item: Psychic Seed\n|turn|5\n|\n|t:|1735740460\n|-terastallize|p1a: Indeedee|Psychic\n|move|p2b: Toedscruel|Protect|p2b: Toedscruel\n|-singleturn|p2b: Toedscruel|Protect\n|move|p2a: Weezing|Protect|p2a: Weezing\n|-singleturn|p2a: Weezing|Protect\n|move|p1b: Sneasler|Dire Claw|p2b: Toedscruel\n|-activate|p2b: Toedscruel|move: Protect\n|move|p1a: Indeedee|Expanding Force|p2b: Toedscruel|[spread] \n|-activate|p2a: Weezing|move: Protect\n|-activate|p2b: Toedscruel|move: Protect\n|\n|upkeep\n|turn|6\n|\n|t:|1735740476\n|move|p1b: Sneasler|Dire Claw|p2b: Toedscruel\n|-damage|p2b: Toedscruel|24/100\n|move|p1a: Indeedee|Expanding Force|p2a: Weezing|[spread] p2a,p2b\n|-supereffective|p2a: Weezing\n|-damage|p2a: Weezing|0 fnt\n|-damage|p2b: Toedscruel|0 fnt\n|faint|p2a: Weezing\n|-end|p2a: Weezing|ability: Neutralizing Gas\n|faint|p2b: Toedscruel\n|\n|win|2012zar\n|raw|2012zar's rating: 1389 &rarr; <strong>1404</strong><br />(+15 for winning)\n|raw|NewBalance's rating: 1307 &rarr; <strong>1292</strong><br />(-15 for losing)\n|l|\u2606NewBalance\n|player|p2|\n|l|\u26062012zar\n|player|p1|\n",
  "uploadtime": 1735740859,
  "views": 21,
  "formatid": "gen9vgc2024regh",
  "rating": 1292,
  "private": 0,
  "password": null
}