{
  "id": "gen9vgc2024regh-2273169057",
  "format": "[Gen 9] VGC 2024 Reg H",
  "players": [
    "rua887851",
    "SniffLazer"
  ],
  "log": "|j|\u2606rua887851\n|j|\u2606SniffLazer\n|t:|1735744202\n|gametype|doubles\n|player|p1|rua887851|swimmerf|1353\n|player|p2|SniffLazer|1|1266\n|teamsize|p1|6\n|teamsize|p2|6\n|gen|9\n|tier|[Gen 9] VGC 2024 Reg H\n|rated|\n|rule|Species Clause: Limit one of each Pok\u00e9mon\n|rule|Item Clause: Limit 1 of each item\n|clearpoke\n|poke|p1|Archaludon, L50, F|\n|poke|p1|Pelipper, L50, F|\n|poke|p1|Amoonguss, L50, F|\n|poke|p1|Incineroar, L50, F|\n|poke|p1|Maushold, L50|\n|poke|p1|Hydreigon, L50, F|\n|poke|p2|Glimmora, L50, F|\n|poke|p2|Ursaluna-Bloodmoon, L50, M|\n|poke|p2|Farigiraf, L50, M|\n|poke|p2|Amoonguss, L50, F|\n|poke|p2|Clodsire, L50, F|\n|poke|p2|Quaquaval, L50, M|\n|teampreview|4\n|inactive|Battle timer is ON: inactive players will automatically lose when time's up. (requested by rua887851)\n|inactive|rua887851 has 60 seconds left.\n|\n|t:|1735744240\n|start\n|switch|p1a: Pelipper|Pelipper, L50, F|100/100\n|switch|p1b: Archaludon|Archaludon, L50, F|100/100\n|switch|p2a: Clodsire|Clodsire, L50, F|100/100\n|switch|p2b: Farigiraf|Farigiraf, L50, M|100/100\n|-weather|RainDance|[from] ability: Drizzle|[of] p1a: Pelipper\n|turn|1\n|inactive|SniffLazer has 30 seconds left.\n|\n|t:|1735744265\n|move|p2a: Clodsire|Helping Hand|p2b: Farigiraf\n|-singleturn|p2b: Farigiraf|Helping Hand|[of] p2a: Clodsire\n|move|p1a: Pelipper|Weather Ball|p2b: Farigiraf\n|-damage|p2b: Farigiraf|31/100\n|move|p1b: Archaludon|Electro Shot||[still]\n|-prepare|p1b: Archaludon|Electro Shot\n|-boost|p1b: Archaludon|spa|1\n|-anim|p1b: Archaludon|Electro Shot|p2b: Farigiraf\n|-damage|p2b: Farigiraf|0 fnt\n|faint|p2b: Farigiraf\n|\n|-weather|RainDance|[upkeep]\n|upkeep\n|\n|t:|1735744282\n|switch|p2b: Amoonguss|Amoonguss, L50, F|100/100\n|turn|2\n|\n|t:|1735744297\n|move|p1a: Pelipper|Hurricane|p2b: Amoonguss\n|-supereffective|p2b: Amoonguss\n|-damage|p2b: Amoonguss|20/100\n|-enditem|p2b: Amoonguss|Sitrus Berry|[eat]\n|-heal|p2b: Amoonguss|45/100|[from] item: Sitrus Berry\n|move|p1b: Archaludon|Electro Shot||[still]\n|-prepare|p1b: Archaludon|Electro Shot\n|-boost|p1b: Archaludon|spa|1\n|-anim|p1b: Archaludon|Electro Shot|p2b: Amoonguss\n|-resisted|p2b: Amoonguss\n|-damage|p2b: Amoonguss|7/100\n|move|p2b: Amoonguss|Spore|p1b: Archaludon\n|-status|p1b: Archaludon|slp|[from] move: Spore\n|move|p2a: Clodsire|Gunk Shot|p1a: Pelipper\n|-damage|p1a: Pelipper|49/100\n|-status|p1a: Pelipper|psn\n|\n|-weather|RainDance|[upkeep]\n|-damage|p1a: Pelipper|37/100 psn|[from] psn\n|upkeep\n|turn|3\n|\n|t:|1735744321\n|switch|p2b: Ursaluna|Ursaluna-Bloodmoon, L50, M|100/100\n|move|p1a: Pelipper|Weather Ball|p2a: Clodsire\n|-immune|p2a: Clodsire|[from] ability: Water Absorb\n|cant|p1b: Archaludon|slp\n|move|p2a: Clodsire|Haze|p2a: Clodsire\n|-clearallboost\n|\n|-weather|RainDance|[upkeep]\n|-damage|p1a: Pelipper|24/100 psn|[from] psn\n|upkeep\n|turn|4\n|\n|t:|1735744343\n|-terastallize|p1b: Archaludon|Grass\n|-terastallize|p2b: Ursaluna|Normal\n|move|p2a: Clodsire|Helping Hand|p2b: Ursaluna\n|-singleturn|p2b: Ursaluna|Helping Hand|[of] p2a: Clodsire\n|move|p1a: Pelipper|Weather Ball|p2b: Ursaluna\n|-damage|p2b: Ursaluna|29/100\n|cant|p1b: Archaludon|slp\n|move|p2b: Ursaluna|Blood Moon|p1b: Archaludon\n|-damage|p1b: Archaludon|0 fnt\n|faint|p1b: Archaludon\n|-damage|p2b: Ursaluna|20/100|[from] item: Life Orb\n|\n|-weather|RainDance|[upkeep]\n|-damage|p1a: Pelipper|12/100 psn|[from] psn\n|upkeep\n|\n|t:|1735744355\n|switch|p1b: Hydreigon|Hydreigon, L50, F|100/100\n|turn|5\n|\n|t:|1735744368\n|move|p2b: Ursaluna|Protect|p2b: Ursaluna\n|-singleturn|p2b: Ursaluna|Protect\n|move|p1b: Hydreigon|Focus Energy|p1b: Hydreigon\n|-start|p1b: Hydreigon|move: Focus Energy\n|move|p1a: Pelipper|Hurricane|p2b: Ursaluna\n|-activate|p2b: Ursaluna|move: Protect\n|move|p2a: Clodsire|Gunk Shot|p1b: Hydreigon\n|-damage|p1b: Hydreigon|59/100\n|\n|-weather|none\n|-damage|p1a: Pelipper|0 fnt|[from] psn\n|faint|p1a: Pelipper\n|upkeep\n|\n|t:|1735744372\n|switch|p1a: Amoonguss|Amoonguss, L50, F|100/100\n|turn|6\n|\n|t:|1735744392\n|move|p1a: Amoonguss|Rage Powder|p1a: Amoonguss\n|-singleturn|p1a: Amoonguss|move: Rage Powder\n|move|p1b: Hydreigon|Dark Pulse|p2b: Ursaluna\n|-crit|p2b: Ursaluna\n|-damage|p2b: Ursaluna|0 fnt\n|faint|p2b: Ursaluna\n|move|p2a: Clodsire|Gunk Shot|p1a: Amoonguss\n|-damage|p1a: Amoonguss|70/100\n|\n|upkeep\n|\n|t:|1735744401\n|switch|p2b: Amoonguss|Amoonguss, L50, F|40/100\n|turn|7\n|\n|t:|1735744417\n|move|p2b: Amoonguss|Protect|p2b: Amoonguss\n|-singleturn|p2b: Amoonguss|Protect\n|move|p1b: Hydreigon|Dark Pulse|p2b: Amoonguss\n|-activate|p2b: Amoonguss|move: Protect\n|move|p1a: Amoonguss|Pollen Puff|p1b: Hydreigon\n|-heal|p1b: Hydreigon|100/100\n|move|p2a: Clodsire|Gunk Shot|p1b: Hydreigon\n|-damage|p1b: Hydreigon|57/100\n|\n|upkeep\n|turn|8\n|inactive|SniffLazer has 30 seconds left.\n|\n|t:|1735744444\n|move|p2b: Amoonguss|Protect||[still]\n|-fail|p2b: Amoonguss\n|move|p1b: Hydreigon|Dark Pulse|p2b: Amoonguss\n|-crit|p2b: Amoonguss\n|-damage|p2b: Amoonguss|0 fnt\n|faint|p2b: Amoonguss\n|move|p1a: Amoonguss|Pollen Puff|p1b: Hydreigon\n|-heal|p1b: Hydreigon|100/100\n|move|p2a: Clodsire|Gunk Shot|p1b: Hydreigon\n|-damage|p1b: Hydreigon|56/100\n|-status|p1b: Hydreigon|psn\n|\n|-damage|p1b: Hydreigon|43/100 psn|[from] psn\n|upkeep\n|turn|9\n|\n|t:|1735744463\n|move|p1b: Hydreigon|Draco Meteor|p2a: Clodsire\n|-crit|p2a: Clodsire\n|-damage|p2a: Clodsire|23/100\n|-unboost|p1b: Hydreigon|spa|2\n|move|p1a: Amoonguss|Pollen Puff|p1b: Hydreigon\n|-heal|p1b: Hydreigon|93/100 psn\n|move|p2a: Clodsire|Recover|p2a: Clodsire\n|-heal|p2a: Clodsire|73/100\n|\n|-heal|p2a: Clodsire|79/100|[from] item: Black Sludge\n|-damage|p1b: Hydreigon|81/100 psn|[from] psn\n|upkeep\n|turn|10\n|\n|t:|1735744482\n|move|p1b: Hydreigon|Draco Meteor|p2a: Clodsire\n|-crit|p2a: Clodsire\n|-damage|p2a: Clodsire|4/100\n|-unboost|p1b: Hydreigon|spa|2\n|move|p1a: Amoonguss|Pollen Puff|p1b: Hydreigon\n|-heal|p1b: Hydreigon|100/100 psn\n|move|p2a: Clodsire|Recover|p2a: Clodsire\n|-heal|p2a: Clodsire|55/100\n|\n|-heal|p2a: Clodsire|60/100|[from] item: Black Sludge\n|-damage|p1b: Hydreigon|88/100 psn|[from] psn\n|upkeep\n|turn|11\n|-message|SniffLazer forfeited.\n|\n|win|rua887851\n|raw|rua887851's rating: 1353 &rarr; <strong>1368</strong><br />(+15 for winning)\n|raw|SniffLazer's rating: 1266 &rarr; <strong>1247</strong><br />(-19 for losing)\n|l|\u2606SniffLazer\n|player|p2|\n|l|\u2606rua887851\n|player|p1|\n",
  "uploadtime": 1735744874,
  "views": 118,
  "formatid": "gen9vgc2024regh",
  "rating": 1247,
  "private": 0,
  "password": null
}