{
  "id": "gen9vgc2024regh-2273193284",
  "format": "[Gen 9] VGC 2024 Reg H",
  "players": [
    "G901",
    "DonCoc0"
  ],
  "log": "|j|\u2606G901\n|j|\u2606DonCoc0\n|t:|1735748022\n|gametype|doubles\n|player|p1|G901|morty|1591\n|player|p2|DonCoc0|cheren|1533\n|teamsize|p1|6\n|teamsize|p2|6\n|gen|9\n|tier|[Gen 9] VGC 2024 Reg H\n|rated|\n|rule|Species Clause: Limit one of each Pok\u00e9mon\n|rule|Item Clause: Limit 1 of each item\n|clearpoke\n|poke|p1|Basculegion, L50, M|\n|poke|p1|Pelipper, L50, M|\n|poke|p1|Archaludon, L50, F|\n|poke|p1|Rillaboom, L50, F|\n|poke|p1|Amoonguss, L50, F|\n|poke|p1|Braviary-Hisui, L50, M|\n|poke|p2|Barraskewda, L50, M|\n|poke|p2|Pelipper, L50, M|\n|poke|p2|Murkrow, L50, F|\n|poke|p2|Archaludon, L50, M|\n|poke|p2|Rillaboom, L50, M|\n|poke|p2|Farigiraf, L50, M|\n|teampreview|4\nDonCoc0 has agreed to open team sheets.\n|j| Analytics Director\n|\n|t:|1735748087\n|start\n|switch|p1a: Amoonguss|Amoonguss, L50, F|100/100\n|switch|p1b: Basculegion|Basculegion, L50, M|100/100\n|switch|p2a: Melenia|Murkrow, L50, F|100/100\n|switch|p2b: Wallarrrrda|Barraskewda, L50, M, shiny|100/100\n|turn|1\n|\n|t:|1735748106\n|switch|p1b: Archaludon|Archaludon, L50, F|100/100\n|-terastallize|p2b: Wallarrrrda|Stellar\n|move|p2a: Melenia|Tailwind|p2a: Melenia\n|-sidestart|p2: DonCoc0|move: Tailwind\n|move|p2b: Wallarrrrda|Psychic Fangs|p1a: Amoonguss\n|-supereffective|p1a: Amoonguss\n|-damage|p1a: Amoonguss|21/100\n|move|p1a: Amoonguss|Spore|p2b: Wallarrrrda\n|-status|p2b: Wallarrrrda|slp|[from] move: Spore\n|\n|upkeep\n|turn|2\n|\n|t:|1735748145\n|switch|p1a: Pelipper|Pelipper, L50, M|100/100\n|-weather|RainDance|[from] ability: Drizzle|[of] p1a: Pelipper\n|move|p2a: Melenia|Taunt|p1a: Pelipper\n|-start|p1a: Pelipper|move: Taunt\n|cant|p2b: Wallarrrrda|slp\n|move|p1b: Archaludon|Electro Shot||[still]\n|-prepare|p1b: Archaludon|Electro Shot\n|-boost|p1b: Archaludon|spa|1\n|-anim|p1b: Archaludon|Electro Shot|p2b: Wallarrrrda\n|-supereffective|p2b: Wallarrrrda\n|-enditem|p2b: Wallarrrrda|Focus Sash\n|-damage|p2b: Wallarrrrda|1/100 slp\n|\n|-weather|RainDance|[upkeep]\n|upkeep\n|turn|3\n|\n|t:|1735748178\n|-terastallize|p1b: Archaludon|Flying\n|-curestatus|p2b: Wallarrrrda|slp|[msg]\n|move|p2b: Wallarrrrda|Close Combat|p1b: Archaludon\n|-resisted|p1b: Archaludon\n|-crit|p1b: Archaludon\n|-damage|p1b: Archaludon|76/100\n|-unboost|p2b: Wallarrrrda|def|1\n|-unboost|p2b: Wallarrrrda|spd|1\n|-ability|p1b: Archaludon|Stamina|boost\n|-boost|p1b: Archaludon|def|1\n|move|p2a: Melenia|Snarl|p1a: Pelipper|[spread] p1a,p1b\n|-damage|p1a: Pelipper|78/100\n|-damage|p1b: Archaludon|62/100\n|-unboost|p1a: Pelipper|spa|1\n|-unboost|p1b: Archaludon|spa|1\n|-ability|p1b: Archaludon|Stamina|boost\n|-boost|p1b: Archaludon|def|1\n|move|p1a: Pelipper|Weather Ball|p2b: Wallarrrrda\n|-resisted|p2b: Wallarrrrda\n|-damage|p2b: Wallarrrrda|0 fnt\n|faint|p2b: Wallarrrrda\n|move|p1b: Archaludon|Electro Shot||[still]\n|-prepare|p1b: Archaludon|Electro Shot\n|-boost|p1b: Archaludon|spa|1\n|-anim|p1b: Archaludon|Electro Shot|p2a: Melenia\n|-supereffective|p2a: Melenia\n|-damage|p2a: Melenia|0 fnt\n|faint|p2a: Melenia\n|\n|-weather|RainDance|[upkeep]\n|upkeep\n|\n|t:|1735748202\n|switch|p2b: Rivers 2-0|Rillaboom, L50, M|100/100\n|switch|p2a: Canel\u00f3n|Archaludon, L50, M|100/100\n|-fieldstart|move: Grassy Terrain|[from] ability: Grassy Surge|[of] p2b: Rivers 2-0\n|turn|4\n|\n|t:|1735748220\n|move|p1b: Archaludon|Protect|p1b: Archaludon\n|-singleturn|p1b: Archaludon|Protect\n|move|p2b: Rivers 2-0|Fake Out|p1a: Pelipper\n|-damage|p1a: Pelipper|58/100\n|move|p2a: Canel\u00f3n|Electro Shot||[still]\n|-prepare|p2a: Canel\u00f3n|Electro Shot\n|-boost|p2a: Canel\u00f3n|spa|1\n|-anim|p2a: Canel\u00f3n|Electro Shot|p1b: Archaludon\n|-activate|p1b: Archaludon|move: Protect\n|cant|p1a: Pelipper|flinch\n|\n|-weather|RainDance|[upkeep]\n|-end|p1a: Pelipper|move: Taunt\n|-sideend|p2: DonCoc0|move: Tailwind\n|upkeep\n|turn|5\n|\n|t:|1735748242\n|move|p1a: Pelipper|Tailwind|p1a: Pelipper\n|-sidestart|p1: G901|move: Tailwind\n|move|p1b: Archaludon|Dragon Pulse|p2a: Canel\u00f3n\n|-damage|p2a: Canel\u00f3n|53/100\n|-ability|p2a: Canel\u00f3n|Stamina|boost\n|-boost|p2a: Canel\u00f3n|def|1\n|move|p2b: Rivers 2-0|Wood Hammer|p1a: Pelipper\n|-damage|p1a: Pelipper|0 fnt\n|faint|p1a: Pelipper\n|-damage|p2b: Rivers 2-0|87/100|[from] Recoil\n|move|p2a: Canel\u00f3n|Electro Shot||[still]\n|-prepare|p2a: Canel\u00f3n|Electro Shot\n|-boost|p2a: Canel\u00f3n|spa|1\n|-anim|p2a: Canel\u00f3n|Electro Shot|p1b: Archaludon\n|-supereffective|p1b: Archaludon\n|-damage|p1b: Archaludon|0 fnt\n|faint|p1b: Archaludon\n|\n|-weather|RainDance|[upkeep]\n|-heal|p2a: Canel\u00f3n|59/100|[from] Grassy Terrain\n|-heal|p2b: Rivers 2-0|93/100|[from] Grassy Terrain\n|upkeep\n|l| Analytics Director\n|\n|t:|1735748274\n|switch|p1a: Amoonguss|Amoonguss, L50, F|54/100\n|switch|p1b: Basculegion|Basculegion, L50, M|100/100\n|turn|6\n|\n|t:|1735748295\n|move|p1a: Amoonguss|Rage Powder|p1a: Amoonguss\n|-singleturn|p1a: Amoonguss|move: Rage Powder\n|move|p2b: Rivers 2-0|Grassy Glide|p1b: Basculegion\n|-supereffective|p1b: Basculegion\n|-damage|p1b: Basculegion|0 fnt\n|faint|p1b: Basculegion\n|move|p2a: Canel\u00f3n|Electro Shot||[still]\n|-prepare|p2a: Canel\u00f3n|Electro Shot\n|-boost|p2a: Canel\u00f3n|spa|1\n|-anim|p2a: Canel\u00f3n|Electro Shot|p1a: Amoonguss\n|-resisted|p1a: Amoonguss\n|-damage|p1a: Amoonguss|20/100\n|\n|-weather|none\n|-heal|p2a: Canel\u00f3n|65/100|[from] Grassy Terrain\n|-heal|p2b: Rivers 2-0|99/100|[from] Grassy Terrain\n|-heal|p1a: Amoonguss|26/100|[from] Grassy Terrain\n|upkeep\n|turn|7\n|j| Analytics Director\n|inactive|Battle timer is ON: inactive players will automatically lose when time's up. (requested by DonCoc0)\n|inactive|G901 has 60 seconds left.\n|inactive|G901 has 30 seconds left.\n|inactive|G901 has 20 seconds left.\n|inactive|G901 has 15 seconds left.\n|inactive|G901 has 10 seconds left.\n|inactive|G901 has 5 seconds left.\n|\n|t:|1735748423\n|move|p2b: Rivers 2-0|High Horsepower|p1a: Amoonguss\n|-damage|p1a: Amoonguss|0 fnt\n|faint|p1a: Amoonguss\n|\n|win|DonCoc0\n|raw|G901's rating: 1591 &rarr; <strong>1568</strong><br />(-23 for losing)\n|raw|DonCoc0's rating: 1533 &rarr; <strong>1556</strong><br />(+23 for winning)\n|l|\u2606DonCoc0\n|player|p2|\n|l| Analytics Director\n",
  "uploadtime": 1735748612,
  "views": 165,
  "formatid": "gen9vgc2024regh",
  "rating": 1556,
  "private": 0,
  "password": null
}