{
  "id": "gen9vgc2024regh-2273201149",
  "format": "[Gen 9] VGC 2024 Reg H",
  "players": [
    "The Force Of Evil",
    "WLG Xeb41"
  ],
  "log": "|j|\u2606The Force Of Evil\n|j|\u2606WLG Xeb41\n|html|<table width=\"100%\"><tr><td align=\"left\">The Force Of Evil</td><td align=\"right\">WLG Xeb41</tr><tr><td align=\"left\"><i class=\"fa fa-circle\"></i> <i class=\"fa fa-circle-o\"></i> </td><td align=\"right\"><i class=\"fa fa-circle-o\"></i> <i class=\"fa fa-circle-o\"></i> </tr></table>\n|uhtml|bestof|<h2><strong>Game 2</strong> of <a href=\"/game-bestof3-gen9vgc2024regh-2273198641\">a best-of-3</a></h2>\n|t:|1735749181\n|gametype|doubles\n|player|p1|The Force Of Evil|hilda-wonderlauncher|\n|player|p2|WLG Xeb41|scientist|\n|teamsize|p1|6\n|teamsize|p2|6\n|gen|9\n|tier|[Gen 9] VGC 2024 Reg H\n|rule|Species Clause: Limit one of each Pok\u00e9mon\n|rule|Item Clause: Limit 1 of each item\n|clearpoke\n|poke|p1|Pelipper, L50, F|\n|poke|p1|Porygon2, L50|\n|poke|p1|Palafin, L50, F|\n|poke|p1|Meowstic, L50, M|\n|poke|p1|Metagross, L50|\n|poke|p1|Mienshao, L50, M|\n|poke|p2|Garganacl, L50, M|\n|poke|p2|Ninetales-Alola, L50, M|\n|poke|p2|Tsareena, L50, F|\n|poke|p2|Dachsbun, L50, F|\n|poke|p2|Florges-Blue, L50, F|\n|poke|p2|Lurantis, L50, F|\n|teampreview|4\nWLG Xeb41 has agreed to open team sheets.\n|\n|t:|1735749263\n|start\n|switch|p1a: Metagross|Metagross, L50|100/100\n|switch|p1b: Palafin|Palafin, L50, F|100/100\n|switch|p2a: Ninetales|Ninetales-Alola, L50, M|100/100\n|switch|p2b: Lurantis|Lurantis, L50, F|100/100\n|-weather|Snow|[from] ability: Snow Warning|[of] p2a: Ninetales\n|turn|1\n|\n|t:|1735749300\n|detailschange|p1b: Palafin|Palafin-Hero, L50, F\n|switch|p1b: Porygon2|Porygon2, L50|100/100\n|-ability|p1b: Porygon2|Download|boost\n|-boost|p1b: Porygon2|atk|1\n|-terastallize|p2a: Ninetales|Ghost\n|move|p2a: Ninetales|Aurora Veil|p2a: Ninetales\n|-sidestart|p2: WLG Xeb41|move: Aurora Veil\n|move|p1a: Metagross|Iron Head|p2b: Lurantis\n|-damage|p2b: Lurantis|68/100\n|move|p2b: Lurantis|Superpower|p1b: Porygon2\n|-supereffective|p1b: Porygon2\n|-damage|p1b: Porygon2|66/100\n|-boost|p2b: Lurantis|atk|1\n|-boost|p2b: Lurantis|def|1\n|\n|-weather|Snow|[upkeep]\n|upkeep\n|turn|2\n|\n|t:|1735749317\n|-terastallize|p1b: Porygon2|Ghost\n|move|p2a: Ninetales|Blizzard|p1a: Metagross|[spread] p1a,p1b\n|-resisted|p1a: Metagross\n|-damage|p1a: Metagross|92/100\n|-damage|p1b: Porygon2|50/100\n|move|p1a: Metagross|Psychic Fangs|p2b: Lurantis\n|-sideend|p2: WLG Xeb41|move: Aurora Veil\n|-damage|p2b: Lurantis|35/100\n|move|p1b: Porygon2|Ice Beam|p2b: Lurantis\n|-supereffective|p2b: Lurantis\n|-damage|p2b: Lurantis|7/100\n|move|p2b: Lurantis|Superpower|p1b: Porygon2\n|-immune|p1b: Porygon2\n|\n|-weather|Snow|[upkeep]\n|upkeep\n|turn|3\n|\n|t:|1735749339\n|switch|p2b: Garganacl|Garganacl, L50, M|100/100\n|move|p1a: Metagross|Bullet Punch|p2b: Garganacl\n|-supereffective|p2b: Garganacl\n|-damage|p2b: Garganacl|66/100\n|move|p2a: Ninetales|Aurora Veil|p2a: Ninetales\n|-sidestart|p2: WLG Xeb41|move: Aurora Veil\n|move|p1b: Porygon2|Tera Blast|p2a: Ninetales|[anim] Tera Blast Ghost\n|-supereffective|p2a: Ninetales\n|-damage|p2a: Ninetales|47/100\n|\n|-weather|Snow|[upkeep]\n|upkeep\n|turn|4\n|\n|t:|1735749358\n|move|p2a: Ninetales|Blizzard|p1a: Metagross|[spread] p1a,p1b\n|-resisted|p1a: Metagross\n|-damage|p1a: Metagross|84/100\n|-damage|p1b: Porygon2|34/100\n|-status|p1b: Porygon2|frz\n|move|p1a: Metagross|Iron Head|p2b: Garganacl\n|-supereffective|p2b: Garganacl\n|-damage|p2b: Garganacl|23/100\n|cant|p1b: Porygon2|frz\n|move|p2b: Garganacl|Salt Cure|p1a: Metagross\n|-resisted|p1a: Metagross\n|-damage|p1a: Metagross|79/100\n|-start|p1a: Metagross|Salt Cure\n|\n|-weather|Snow|[upkeep]\n|-damage|p1a: Metagross|54/100|[from] Salt Cure\n|upkeep\n|turn|5\n|\n|t:|1735749381\n|move|p2a: Ninetales|Blizzard|p1a: Metagross|[spread] p1a,p1b\n|-resisted|p1a: Metagross\n|-damage|p1a: Metagross|45/100\n|-damage|p1b: Porygon2|20/100 frz\n|-status|p1a: Metagross|frz\n|cant|p1a: Metagross|frz\n|-curestatus|p1b: Porygon2|frz|[msg]\n|move|p1b: Porygon2|Recover|p1b: Porygon2\n|-heal|p1b: Porygon2|70/100\n|move|p2b: Garganacl|Recover|p2b: Garganacl\n|-heal|p2b: Garganacl|73/100\n|\n|-weather|none\n|-damage|p1a: Metagross|21/100 frz|[from] Salt Cure\n|upkeep\n|turn|6\n|\n|t:|1735749421\n|switch|p2a: Lurantis|Lurantis, L50, F|7/100\n|move|p2b: Garganacl|Protect|p2b: Garganacl\n|-singleturn|p2b: Garganacl|Protect\n|-curestatus|p1a: Metagross|frz|[msg]\n|move|p1a: Metagross|Psychic Fangs|p2b: Garganacl\n|-activate|p2b: Garganacl|move: Protect\n|move|p1b: Porygon2|Tera Blast|p2a: Lurantis|[anim] Tera Blast Ghost\n|-damage|p2a: Lurantis|0 fnt\n|faint|p2a: Lurantis\n|\n|-damage|p1a: Metagross|0 fnt|[from] Salt Cure\n|faint|p1a: Metagross\n|upkeep\n|\n|t:|1735749435\n|switch|p1a: Palafin|Palafin-Hero, L50, F|100/100\n|switch|p2a: Ninetales|Ninetales-Alola, L50, M, tera:Ghost|47/100\n|-weather|Snow|[from] ability: Snow Warning|[of] p2a: Ninetales\n|-activate|p1a: Palafin|ability: Zero to Hero\n|turn|7\n|\n|t:|1735749469\n|switch|p1b: Pelipper|Pelipper, L50, F|100/100\n|-weather|RainDance|[from] ability: Drizzle|[of] p1b: Pelipper\n|move|p2a: Ninetales|Blizzard|p1a: Palafin|[spread] p1a,p1b\n|-resisted|p1a: Palafin\n|-damage|p1a: Palafin|86/100\n|-damage|p1b: Pelipper|54/100\n|move|p1a: Palafin|Flip Turn|p2b: Garganacl\n|-supereffective|p2b: Garganacl\n|-damage|p2b: Garganacl|0 fnt\n|faint|p2b: Garganacl\n|\n|t:|1735749479\n|switch|p1a: Porygon2|Porygon2, L50, tera:Ghost|70/100|[from] Flip Turn\n|-ability|p1a: Porygon2|Download|boost\n|-boost|p1a: Porygon2|atk|1\n|\n|-weather|RainDance|[upkeep]\n|upkeep\n|\n|t:|1735749484\n|switch|p2b: Tsareena|Tsareena, L50, F|100/100\n|turn|8\n|\n|t:|1735749508\n|move|p1b: Pelipper|Protect|p1b: Pelipper\n|-singleturn|p1b: Pelipper|Protect\n|move|p2a: Ninetales|Freeze-Dry|p1b: Pelipper\n|-activate|p1b: Pelipper|move: Protect\n|move|p2b: Tsareena|Power Whip|p1a: Porygon2\n|-damage|p1a: Porygon2|39/100\n|move|p1a: Porygon2|Tera Blast|p2a: Ninetales|[anim] Tera Blast Ghost\n|-supereffective|p2a: Ninetales\n|-damage|p2a: Ninetales|0 fnt\n|faint|p2a: Ninetales\n|\n|-weather|RainDance|[upkeep]\n|upkeep\n|turn|9\n|\n|t:|1735749527\n|move|p1b: Pelipper|Hurricane|p2b: Tsareena\n|-supereffective|p2b: Tsareena\n|-damage|p2b: Tsareena|35/100\n|-start|p2b: Tsareena|confusion\n|-activate|p2b: Tsareena|confusion\n|-damage|p2b: Tsareena|21/100|[from] confusion\n|move|p1a: Porygon2|Recover|p1a: Porygon2\n|-heal|p1a: Porygon2|89/100\n|\n|-weather|RainDance|[upkeep]\n|upkeep\n|turn|10\n|\n|t:|1735749540\n|move|p1b: Pelipper|Hurricane|p2b: Tsareena\n|-supereffective|p2b: Tsareena\n|-damage|p2b: Tsareena|0 fnt\n|faint|p2b: Tsareena\n|\n|win|The Force Of Evil\n",
  "uploadtime": 1735749542,
  "views": 347,
  "formatid": "gen9vgc2024regh",
  "rating": null,
  "private": 0,
  "password": null
}