{
  "id": "gen9vgc2024regh-2273170448",
  "format": "[Gen 9] VGC 2024 Reg H",
  "players": [
    "salvx",
    "OwOUwU123456"
  ],
  "log": "|j|\u2606salvx\n|j|\u2606OwOUwU123456\n|t:|1735744430\n|gametype|doubles\n|player|p1|salvx|alder|1340\n|player|p2|OwOUwU123456|265|1513\n|teamsize|p1|6\n|teamsize|p2|6\n|gen|9\n|tier|[Gen 9] VGC 2024 Reg H\n|rated|\n|rule|Species Clause: Limit one of each Pok\u00e9mon\n|rule|Item Clause: Limit 1 of each item\n|clearpoke\n|poke|p1|Weavile, L50, M|\n|poke|p1|Annihilape, L50, F|\n|poke|p1|Pelipper, L50, F|\n|poke|p1|Basculegion, L50, M|\n|poke|p1|Comfey, L50, M|\n|poke|p1|Archaludon, L50, M|\n|poke|p2|Weezing-Galar, L50, M|\n|poke|p2|Toedscruel, L50, M|\n|poke|p2|Whimsicott, L50, F|\n|poke|p2|Typhlosion-Hisui, L50, F|\n|poke|p2|Garchomp, L50, F|\n|poke|p2|Dragonite, L50, M|\n|teampreview|4\n|inactive|Battle timer is ON: inactive players will automatically lose when time's up. (requested by OwOUwU123456)\n|inactive|salvx has 60 seconds left.\n|\n|t:|1735744464\n|start\n|switch|p1a: Catso|Weavile, L50, M, shiny|100/100\n|switch|p1b: \u03c0|Archaludon, L50, M|100/100\n|switch|p2a: Weezing|Weezing-Galar, L50, M|100/100\n|switch|p2b: Toedscruel|Toedscruel, L50, M|100/100\n|-ability|p2a: Weezing|Neutralizing Gas\n|turn|1\n|\n|t:|1735744481\n|-terastallize|p1b: \u03c0|Grass\n|move|p1a: Catso|Protect|p1a: Catso\n|-singleturn|p1a: Catso|Protect\n|move|p2b: Toedscruel|Spore|p1b: \u03c0\n|-immune|p1b: \u03c0\n|move|p1b: \u03c0|Flash Cannon|p2a: Weezing\n|-supereffective|p2a: Weezing\n|-damage|p2a: Weezing|0 fnt\n|faint|p2a: Weezing\n|-end|p2a: Weezing|ability: Neutralizing Gas\n|\n|upkeep\n|\n|t:|1735744496\n|switch|p2a: Whimsicott|Whimsicott, L50, F|100/100\n|turn|2\n|\n|t:|1735744523\n|switch|p1a: Peluups|Pelipper, L50, F|100/100\n|-weather|RainDance|[from] ability: Drizzle|[of] p1a: Peluups\n|move|p2b: Toedscruel|Rage Powder|p2b: Toedscruel\n|-singleturn|p2b: Toedscruel|move: Rage Powder\n|move|p2a: Whimsicott|Tailwind|p2a: Whimsicott\n|-sidestart|p2: OwOUwU123456|move: Tailwind\n|move|p1b: \u03c0|Electro Shot||[still]\n|-prepare|p1b: \u03c0|Electro Shot\n|-boost|p1b: \u03c0|spa|1\n|-anim|p1b: \u03c0|Electro Shot|p2a: Whimsicott\n|-resisted|p2a: Whimsicott\n|-damage|p2a: Whimsicott|37/100\n|\n|-weather|RainDance|[upkeep]\n|upkeep\n|turn|3\n|j| Analytics Director\n|inactive|OwOUwU123456 has 30 seconds left.\n|\n|t:|1735744554\n|move|p1a: Peluups|Protect|p1a: Peluups\n|-singleturn|p1a: Peluups|Protect\n|move|p2a: Whimsicott|Sunny Day|p2a: Whimsicott\n|-weather|SunnyDay\n|move|p1b: \u03c0|Dragon Pulse|p2b: Toedscruel\n|-damage|p2b: Toedscruel|32/100\n|move|p2b: Toedscruel|Spore|p1a: Peluups\n|-activate|p1a: Peluups|move: Protect\n|\n|-weather|SunnyDay|[upkeep]\n|upkeep\n|turn|4\n|\n|t:|1735744574\n|switch|p1a: Po\u00ebla|Comfey, L50, M|100/100\n|move|p2a: Whimsicott|Encore||[still]\n|-fail|p2a: Whimsicott\n|move|p2b: Toedscruel|Acid Spray|p1b: \u03c0\n|-supereffective|p1b: \u03c0\n|-damage|p1b: \u03c0|81/100\n|-unboost|p1b: \u03c0|spd|2\n|-ability|p1b: \u03c0|Stamina|boost\n|-boost|p1b: \u03c0|def|1\n|move|p1b: \u03c0|Dragon Pulse|p2b: Toedscruel\n|-damage|p2b: Toedscruel|0 fnt\n|faint|p2b: Toedscruel\n|\n|-weather|SunnyDay|[upkeep]\n|upkeep\n|\n|t:|1735744590\n|switch|p2b: Typhlosion|Typhlosion-Hisui, L50, F|100/100\n|turn|5\n|inactive|salvx has 30 seconds left.\n|\n|t:|1735744618\n|switch|p1b: Peluups|Pelipper, L50, F|100/100\n|-weather|RainDance|[from] ability: Drizzle|[of] p1b: Peluups\n|-terastallize|p2b: Typhlosion|Fire\n|move|p1a: Po\u00ebla|Draining Kiss|p2a: Whimsicott\n|-damage|p2a: Whimsicott|6/100\n|move|p2a: Whimsicott|Sunny Day|p2a: Whimsicott\n|-weather|SunnyDay\n|move|p2b: Typhlosion|Eruption|p1a: Po\u00ebla|[spread] p1a,p1b\n|-resisted|p1b: Peluups\n|-damage|p1a: Po\u00ebla|0 fnt\n|-damage|p1b: Peluups|12/100\n|-enditem|p1b: Peluups|Sitrus Berry|[eat]\n|-heal|p1b: Peluups|37/100|[from] item: Sitrus Berry\n|faint|p1a: Po\u00ebla\n|\n|-weather|SunnyDay|[upkeep]\n|-sideend|p2: OwOUwU123456|move: Tailwind\n|upkeep\n|\n|t:|1735744623\n|switch|p1a: Catso|Weavile, L50, M, shiny|100/100\n|turn|6\n|\n|t:|1735744640\n|switch|p1b: \u03c0|Archaludon, L50, M, tera:Grass|81/100\n|move|p1a: Catso|Protect|p1a: Catso\n|-singleturn|p1a: Catso|Protect\n|move|p2a: Whimsicott|Tailwind|p2a: Whimsicott\n|-sidestart|p2: OwOUwU123456|move: Tailwind\n|move|p2b: Typhlosion|Eruption|p1b: \u03c0|[spread] p1b\n|-activate|p1a: Catso|move: Protect\n|-supereffective|p1b: \u03c0\n|-damage|p1b: \u03c0|0 fnt\n|faint|p1b: \u03c0\n|\n|-weather|SunnyDay|[upkeep]\n|upkeep\n|\n|t:|1735744644\n|switch|p1b: Peluups|Pelipper, L50, F|37/100\n|-weather|RainDance|[from] ability: Drizzle|[of] p1b: Peluups\n|turn|7\n|\n|t:|1735744661\n|move|p1b: Peluups|Protect|p1b: Peluups\n|-singleturn|p1b: Peluups|Protect\n|move|p2a: Whimsicott|Sunny Day|p2a: Whimsicott\n|-weather|SunnyDay\n|move|p2b: Typhlosion|Eruption|p1a: Catso|[spread] p1a\n|-activate|p1b: Peluups|move: Protect\n|-supereffective|p1a: Catso\n|-enditem|p1a: Catso|Focus Sash\n|-damage|p1a: Catso|1/100\n|move|p1a: Catso|Knock Off|p2b: Typhlosion\n|-damage|p2b: Typhlosion|24/100\n|-enditem|p2b: Typhlosion|Charcoal|[from] move: Knock Off|[of] p1a: Catso\n|\n|-weather|SunnyDay|[upkeep]\n|upkeep\n|turn|8\n|\n|t:|1735744681\n|move|p1a: Catso|Ice Shard|p2a: Whimsicott\n|-supereffective|p2a: Whimsicott\n|-damage|p2a: Whimsicott|0 fnt\n|faint|p2a: Whimsicott\n|move|p2b: Typhlosion|Eruption|p1a: Catso|[spread] p1a,p1b\n|-supereffective|p1a: Catso\n|-resisted|p1b: Peluups\n|-damage|p1a: Catso|0 fnt\n|-damage|p1b: Peluups|8/100\n|faint|p1a: Catso\n|move|p1b: Peluups|Weather Ball|p2b: Typhlosion\n|-resisted|p2b: Typhlosion\n|-damage|p2b: Typhlosion|0 fnt\n|faint|p2b: Typhlosion\n|\n|win|salvx\n|raw|salvx's rating: 1340 &rarr; <strong>1369</strong><br />(+29 for winning)\n|raw|OwOUwU123456's rating: 1513 &rarr; <strong>1484</strong><br />(-29 for losing)\n|c|\u2606salvx|gg\n|l| Analytics Director\n|l|\u2606OwOUwU123456\n|player|p2|\n|l|\u2606salvx\n|player|p1|\n",
  "uploadtime": 1735745012,
  "views": 140,
  "formatid": "gen9vgc2024regh",
  "rating": 1369,
  "private": 0,
  "password": null
}