{
  "id": "gen9vgc2024regh-2273230773",
  "format": "[Gen 9] VGC 2024 Reg H",
  "players": [
    "ryunick",
    "Badteamonpaper"
  ],
  "log": "|j|\u2606ryunick\n|j|\u2606Badteamonpaper\n|t:|1735753350\n|gametype|doubles\n|player|p1|ryunick|medium|1388\n|player|p2|Badteamonpaper|170|1409\n|teamsize|p1|6\n|teamsize|p2|6\n|gen|9\n|tier|[Gen 9] VGC 2024 Reg H\n|rated|\n|rule|Species Clause: Limit one of each Pok\u00e9mon\n|rule|Item Clause: Limit 1 of each item\n|clearpoke\n|poke|p1|Gyarados, L50, F|\n|poke|p1|Ursaluna-Bloodmoon, L50, M|\n|poke|p1|Grimmsnarl, L50, M|\n|poke|p1|Whimsicott, L50, M|\n|poke|p1|Annihilape, L50, F|\n|poke|p1|Archaludon, L50, F|\n|poke|p2|Quaquaval, L50, M|\n|poke|p2|Volcarona, L50, F|\n|poke|p2|Dondozo, L50, M|\n|poke|p2|Tatsugiri, L50, F|\n|poke|p2|Oricorio-Sensu, L50, M|\n|poke|p2|Kommo-o, L50, M|\n|teampreview|4\n|inactive|Battle timer is ON: inactive players will automatically lose when time's up. (requested by ryunick)\n|inactive|Badteamonpaper has 60 seconds left.\n|inactive|Badteamonpaper has 30 seconds left.\n|\n|t:|1735753413\n|start\n|switch|p1a: Whimsicott|Whimsicott, L50, M|100/100\n|switch|p1b: Annihilape|Annihilape, L50, F|100/100\n|switch|p2a: Quaquaval|Quaquaval, L50, M, shiny|100/100\n|switch|p2b: Kommo-o|Kommo-o, L50, M, shiny|100/100\n|turn|1\n|\n|t:|1735753434\n|-terastallize|p2a: Quaquaval|Flying\n|move|p1a: Whimsicott|Beat Up|p1b: Annihilape\n|-damage|p1b: Annihilape|99/100\n|-damage|p1b: Annihilape|95/100\n|-damage|p1b: Annihilape|93/100\n|-damage|p1b: Annihilape|90/100\n|-hitcount|p1b: Annihilape|4\n|move|p1b: Annihilape|Rage Fist|p2a: Quaquaval\n|-damage|p2a: Quaquaval|0 fnt\n|faint|p2a: Quaquaval\n|move|p2b: Kommo-o|Flash Cannon|p1a: Whimsicott\n|-supereffective|p1a: Whimsicott\n|-damage|p1a: Whimsicott|18/100\n|-unboost|p1a: Whimsicott|spd|1\n|-damage|p2b: Kommo-o|91/100|[from] item: Life Orb\n|\n|upkeep\n|\n|t:|1735753451\n|switch|p2a: Dondozo|Dondozo, L50, M, shiny|100/100\n|turn|2\n|\n|t:|1735753469\n|move|p2a: Dondozo|Protect|p2a: Dondozo\n|-singleturn|p2a: Dondozo|Protect\n|move|p1a: Whimsicott|Tailwind|p1a: Whimsicott\n|-sidestart|p1: ryunick|move: Tailwind\n|move|p1b: Annihilape|Rage Fist|p2a: Dondozo\n|-activate|p2a: Dondozo|move: Protect\n|move|p2b: Kommo-o|Flash Cannon|p1a: Whimsicott\n|-supereffective|p1a: Whimsicott\n|-damage|p1a: Whimsicott|0 fnt\n|faint|p1a: Whimsicott\n|-damage|p2b: Kommo-o|81/100|[from] item: Life Orb\n|\n|upkeep\n|\n|t:|1735753480\n|switch|p1a: Ursaluna|Ursaluna-Bloodmoon, L50, M|100/100\n|turn|3\n|\n|t:|1735753499\n|switch|p2b: Tatsugiri|Tatsugiri, L50, F, shiny|100/100\n|-activate|p2b: Tatsugiri|ability: Commander|[of] p2a: Dondozo\n|-boost|p2a: Dondozo|atk|2\n|-boost|p2a: Dondozo|spa|2\n|-boost|p2a: Dondozo|spe|2\n|-boost|p2a: Dondozo|def|2\n|-boost|p2a: Dondozo|spd|2\n|move|p1b: Annihilape|Rage Fist|p2a: Dondozo\n|-damage|p2a: Dondozo|59/100\n|move|p1a: Ursaluna|Blood Moon|p2a: Dondozo\n|-damage|p2a: Dondozo|8/100\n|-damage|p1a: Ursaluna|91/100|[from] item: Life Orb\n|move|p2a: Dondozo|Order Up|p1b: Annihilape\n|-damage|p1b: Annihilape|41/100\n|-boost|p2a: Dondozo|atk|1\n|\n|-heal|p2a: Dondozo|14/100|[from] item: Leftovers\n|upkeep\n|turn|4\n|inactive|ryunick has 30 seconds left.\n|\n|t:|1735753524\n|move|p1b: Annihilape|Rage Fist|p2a: Dondozo\n|-crit|p2a: Dondozo\n|-damage|p2a: Dondozo|0 fnt\n|faint|p2a: Dondozo\n|move|p1a: Ursaluna|Hyper Voice|p2b: Tatsugiri\n|-damage|p2b: Tatsugiri|3/100\n|-damage|p1a: Ursaluna|81/100|[from] item: Life Orb\n|\n|upkeep\n|\n|t:|1735753532\n|switch|p2a: Kommo-o|Kommo-o, L50, M, shiny|81/100\n|turn|5\n|\n|t:|1735753540\n|move|p2a: Kommo-o|Protect|p2a: Kommo-o\n|-singleturn|p2a: Kommo-o|Protect\n|move|p1b: Annihilape|Rage Fist|p2a: Kommo-o\n|-activate|p2a: Kommo-o|move: Protect\n|move|p2b: Tatsugiri|Muddy Water|p1b: Annihilape|[spread] p1a,p1b\n|-supereffective|p1a: Ursaluna\n|-crit|p1a: Ursaluna\n|-damage|p1a: Ursaluna|0 fnt\n|-damage|p1b: Annihilape|10/100\n|faint|p1a: Ursaluna\n|\n|-sideend|p1: ryunick|move: Tailwind\n|upkeep\n|\n|t:|1735753545\n|switch|p1a: Archaludon|Archaludon, L50, F|100/100\n|turn|6\n|\n|t:|1735753564\n|move|p2b: Tatsugiri|Muddy Water|p1a: Archaludon|[spread] p1a,p1b\n|-resisted|p1a: Archaludon\n|-damage|p1a: Archaludon|90/100\n|-damage|p1b: Annihilape|0 fnt\n|-ability|p1a: Archaludon|Stamina|boost\n|-boost|p1a: Archaludon|def|1\n|faint|p1b: Annihilape\n|move|p2a: Kommo-o|Clanging Scales|p1a: Archaludon\n|-damage|p1a: Archaludon|55/100\n|-ability|p1a: Archaludon|Stamina|boost\n|-boost|p1a: Archaludon|def|1\n|-unboost|p2a: Kommo-o|def|1\n|-damage|p2a: Kommo-o|71/100|[from] item: Life Orb\n|move|p1a: Archaludon|Draco Meteor|p2a: Kommo-o\n|-supereffective|p2a: Kommo-o\n|-damage|p2a: Kommo-o|0 fnt\n|-unboost|p1a: Archaludon|spa|2\n|faint|p2a: Kommo-o\n|\n|upkeep\n|turn|7\n|\n|t:|1735753581\n|move|p2b: Tatsugiri|Muddy Water|p1a: Archaludon\n|-resisted|p1a: Archaludon\n|-damage|p1a: Archaludon|40/100\n|-unboost|p1a: Archaludon|accuracy|1\n|-ability|p1a: Archaludon|Stamina|boost\n|-boost|p1a: Archaludon|def|1\n|move|p1a: Archaludon|Body Press|p2b: Tatsugiri\n|-damage|p2b: Tatsugiri|0 fnt\n|faint|p2b: Tatsugiri\n|\n|win|ryunick\n|raw|ryunick's rating: 1388 &rarr; <strong>1409</strong><br />(+21 for winning)\n|raw|Badteamonpaper's rating: 1409 &rarr; <strong>1388</strong><br />(-21 for losing)\n|l|\u2606Badteamonpaper\n|player|p2|\n|l|\u2606ryunick\n|player|p1|\n",
  "uploadtime": 1735753870,
  "views": 371,
  "formatid": "gen9vgc2024regh",
  "rating": 1388,
  "private": 0,
  "password": null
}