{
  "id": "gen9vgc2024regh-2273228617",
  "format": "[Gen 9] VGC 2024 Reg H",
  "players": [
    "The Force Of Evil",
    "WLG Xeb41"
  ],
  "log": "|j|\u2606The Force Of Evil\n|j|\u2606WLG Xeb41\n|html|<table width=\"100%\"><tr><td align=\"left\">The Force Of Evil</td><td align=\"right\">WLG Xeb41</tr><tr><td align=\"left\"><i class=\"fa fa-circle-o\"></i> <i class=\"fa fa-circle-o\"></i> </td><td align=\"right\"><i class=\"fa fa-circle-o\"></i> <i class=\"fa fa-circle-o\"></i> </tr></table>\n|uhtml|bestof|<h2><strong>Game 1</strong> of <a href=\"/game-bestof3-gen9vgc2024regh-2273228616\">a best-of-3</a></h2>\n|t:|1735753044\n|gametype|doubles\n|player|p1|The Force Of Evil|hilda-wonderlauncher|\n|player|p2|WLG Xeb41|scientist|\n|teamsize|p1|6\n|teamsize|p2|6\n|gen|9\n|tier|[Gen 9] VGC 2024 Reg H\n|rule|Species Clause: Limit one of each Pok\u00e9mon\n|rule|Item Clause: Limit 1 of each item\n|clearpoke\n|poke|p1|Pelipper, L50, M|\n|poke|p1|Porygon2, L50|\n|poke|p1|Palafin, L50, F|\n|poke|p1|Meowstic, L50, M|\n|poke|p1|Metagross, L50|\n|poke|p1|Mienshao, L50, M|\n|poke|p2|Politoed, L50, M|\n|poke|p2|Gothitelle, L50, F|\n|poke|p2|Hitmontop, L50, M|\n|poke|p2|Smeargle, L50, M|\n|poke|p2|Palafin, L50, F|\n|poke|p2|Porygon2, L50|\n|teampreview|4\nThe Force Of Evil has agreed to open team sheets.\nWLG Xeb41 has agreed to open team sheets.\n|showteam|p1|Pelipper||FocusSash|Drizzle|Hurricane,WeatherBall,Tailwind,Protect|||M|||50|,,,,,Ghost]Porygon2||Eviolite|Download|TeraBlast,IceBeam,TrickRoom,Recover||||||50|,,,,,Ghost]Palafin||ChoiceBand|ZerotoHero|JetPunch,WaveCrash,FlipTurn,CloseCombat|||F|||50|,,,,,Water]Meowstic||LightClay|Prankster|Reflect,LightScreen,MistyTerrain,PsychicNoise|||M|||50|,,,,,Dark]Metagross||AssaultVest|ClearBody|KnockOff,BulletPunch,PsychicFangs,IronHead||||||50|,,,,,Fire]Mienshao||ChoiceScarf|InnerFocus|CloseCombat,Uturn,TripleAxel,KnockOff|||M|||50|,,,,,Dark\n|showteam|p2|Politoed||Leftovers|Drizzle|Protect,WeatherBall,PerishSong,Encore|||M|||50|,,,,,Grass]Gothitelle||SitrusBerry|ShadowTag|Protect,Psychic,FakeOut,TrickRoom|||F|||50|,,,,,Dark]Hitmontop||EjectButton|Intimidate|FakeOut,Coaching,CloseCombat,Detect|||M|||50|,,,,,Ghost]Smeargle||FocusSash|Moody|Decorate,SpikyShield,Spore,FakeOut|||M|||50|,,,,,Fairy]Palafin||MysticWater|ZerotoHero|Protect,WaveCrash,JetPunch,CloseCombat|||F|||50|,,,,,Water]Porygon2||Eviolite|Download|IceBeam,Recover,TeraBlast,RainDance||||||50|,,,,,Fire\n|\n|t:|1735753118\n|start\n|switch|p1a: Palafin|Palafin, L50, F|100/100\n|switch|p1b: Mienshao|Mienshao, L50, M|100/100\n|switch|p2a: Politoed|Politoed, L50, M|100/100\n|switch|p2b: Gothitelle|Gothitelle, L50, F|100/100\n|-weather|RainDance|[from] ability: Drizzle|[of] p2a: Politoed\n|turn|1\n|\n|t:|1735753174\n|move|p1b: Mienshao|U-turn|p2a: Politoed\n|-damage|p2a: Politoed|74/100\n|\n|t:|1735753177\n|switch|p1b: Porygon2|Porygon2, L50|100/100|[from] U-turn\n|-ability|p1b: Porygon2|Download|boost\n|-boost|p1b: Porygon2|atk|1\n|move|p1a: Palafin|Flip Turn|p2a: Politoed\n|-resisted|p2a: Politoed\n|-damage|p2a: Politoed|52/100\n|\n|t:|1735753183\n|detailschange|p1a: Palafin|Palafin-Hero, L50, F\n|switch|p1a: Mienshao|Mienshao, L50, M|100/100|[from] Flip Turn\n|move|p2a: Politoed|Weather Ball|p1a: Mienshao\n|-damage|p1a: Mienshao|13/100\n|move|p2b: Gothitelle|Psychic|p1a: Mienshao\n|-supereffective|p1a: Mienshao\n|-damage|p1a: Mienshao|0 fnt\n|faint|p1a: Mienshao\n|\n|-weather|RainDance|[upkeep]\n|-heal|p2a: Politoed|58/100|[from] item: Leftovers\n|upkeep\n|\n|t:|1735753192\n|switch|p1a: Palafin|Palafin-Hero, L50, F|100/100\n|-activate|p1a: Palafin|ability: Zero to Hero\n|turn|2\n|\n|t:|1735753210\n|-terastallize|p1b: Porygon2|Ghost\n|move|p2a: Politoed|Protect|p2a: Politoed\n|-singleturn|p2a: Politoed|Protect\n|move|p2b: Gothitelle|Protect|p2b: Gothitelle\n|-singleturn|p2b: Gothitelle|Protect\n|move|p1a: Palafin|Wave Crash|p2a: Politoed\n|-activate|p2a: Politoed|move: Protect\n|move|p1b: Porygon2|Tera Blast|p2b: Gothitelle|[anim] Tera Blast Ghost\n|-activate|p2b: Gothitelle|move: Protect\n|\n|-weather|RainDance|[upkeep]\n|-heal|p2a: Politoed|64/100|[from] item: Leftovers\n|upkeep\n|turn|3\n|\n|t:|1735753247\n|switch|p2a: Hitmontop|Hitmontop, L50, M|100/100\n|-ability|p2a: Hitmontop|Intimidate|boost\n|-unboost|p1a: Palafin|atk|1\n|-unboost|p1b: Porygon2|atk|1\n|switch|p2b: Smeargle|Smeargle, L50, M|100/100\n|move|p1a: Palafin|Wave Crash|p2a: Hitmontop\n|-damage|p2a: Hitmontop|0 fnt\n|faint|p2a: Hitmontop\n|-damage|p1a: Palafin|73/100|[from] Recoil\n|move|p1b: Porygon2|Tera Blast|p2b: Smeargle|[anim] Tera Blast Ghost\n|-immune|p2b: Smeargle\n|\n|-weather|RainDance|[upkeep]\n|-ability|p2b: Smeargle|Moody|boost\n|-boost|p2b: Smeargle|atk|2\n|-unboost|p2b: Smeargle|def|1\n|upkeep\n|\n|t:|1735753264\n|switch|p2a: Gothitelle|Gothitelle, L50, F|100/100\n|turn|4\n|\n|t:|1735753280\n|switch|p1b: Meowstic|Meowstic, L50, M|100/100\n|move|p2a: Gothitelle|Fake Out|p1a: Palafin\n|-damage|p1a: Palafin|66/100\n|cant|p1a: Palafin|flinch\n|move|p2b: Smeargle|Spore|p1b: Meowstic\n|-status|p1b: Meowstic|slp|[from] move: Spore\n|\n|-weather|RainDance|[upkeep]\n|-ability|p2b: Smeargle|Moody|boost\n|-boost|p2b: Smeargle|spd|2\n|-unboost|p2b: Smeargle|spa|1\n|upkeep\n|turn|5\n|\n|t:|1735753308\n|move|p2b: Smeargle|Spiky Shield|p2b: Smeargle\n|-singleturn|p2b: Smeargle|move: Protect\n|move|p2a: Gothitelle|Protect|p2a: Gothitelle\n|-singleturn|p2a: Gothitelle|Protect\n|cant|p1b: Meowstic|slp\n|move|p1a: Palafin|Wave Crash|p2a: Gothitelle\n|-activate|p2a: Gothitelle|move: Protect\n|\n|-weather|none\n|-ability|p2b: Smeargle|Moody|boost\n|-boost|p2b: Smeargle|atk|2\n|-unboost|p2b: Smeargle|def|1\n|upkeep\n|turn|6\n|\n|t:|1735753333\n|cant|p1b: Meowstic|slp\n|move|p1a: Palafin|Wave Crash|p2b: Smeargle\n|-enditem|p2b: Smeargle|Focus Sash\n|-damage|p2b: Smeargle|1/100\n|-damage|p1a: Palafin|36/100|[from] Recoil\n|move|p2b: Smeargle|Spore|p1a: Palafin\n|-status|p1a: Palafin|slp|[from] move: Spore\n|move|p2a: Gothitelle|Psychic|p1a: Palafin\n|-damage|p1a: Palafin|0 fnt\n|faint|p1a: Palafin\n|\n|-ability|p2b: Smeargle|Moody|boost\n|-boost|p2b: Smeargle|atk|2\n|-unboost|p2b: Smeargle|spe|1\n|upkeep\n|\n|t:|1735753341\n|switch|p1a: Porygon2|Porygon2, L50, tera:Ghost|100/100\n|-ability|p1a: Porygon2|Download|boost\n|-boost|p1a: Porygon2|atk|1\n|turn|7\n|\n|t:|1735753367\n|switch|p2a: Politoed|Politoed, L50, M|64/100\n|-weather|RainDance|[from] ability: Drizzle|[of] p2a: Politoed\n|cant|p1b: Meowstic|slp\n|move|p2b: Smeargle|Spore|p1a: Porygon2\n|-status|p1a: Porygon2|slp|[from] move: Spore\n|cant|p1a: Porygon2|slp\n|\n|-weather|RainDance|[upkeep]\n|-heal|p2a: Politoed|70/100|[from] item: Leftovers\n|-ability|p2b: Smeargle|Moody|boost\n|-boost|p2b: Smeargle|spe|2\n|-unboost|p2b: Smeargle|spa|1\n|upkeep\n|turn|8\n|\n|t:|1735753384\n|move|p2b: Smeargle|Spore|p1b: Meowstic\n|-fail|p1b: Meowstic|slp\n|-curestatus|p1b: Meowstic|slp|[msg]\n|move|p1b: Meowstic|Psychic Noise|p2a: Politoed\n|-damage|p2a: Politoed|53/100\n|-start|p2a: Politoed|move: Heal Block\n|move|p2a: Politoed|Perish Song|p2a: Politoed\n|-start|p1a: Porygon2|perish3|[silent]\n|-start|p1b: Meowstic|perish3|[silent]\n|-start|p2a: Politoed|perish3|[silent]\n|-start|p2b: Smeargle|perish3|[silent]\n|-fieldactivate|move: Perish Song\n|-curestatus|p1a: Porygon2|slp|[msg]\n|move|p1a: Porygon2|Tera Blast|p2a: Politoed|[anim] Tera Blast Ghost\n|-damage|p2a: Politoed|27/100\n|\n|-weather|RainDance|[upkeep]\n|-start|p2b: Smeargle|perish3\n|-start|p1b: Meowstic|perish3\n|-start|p2a: Politoed|perish3\n|-start|p1a: Porygon2|perish3\n|-ability|p2b: Smeargle|Moody|boost\n|-boost|p2b: Smeargle|spe|2\n|-unboost|p2b: Smeargle|spd|1\n|upkeep\n|turn|9\n|\n|t:|1735753410\n|switch|p2a: Gothitelle|Gothitelle, L50, F|100/100\n|move|p1b: Meowstic|Misty Terrain|p1b: Meowstic\n|-fieldstart|move: Misty Terrain\n|move|p2b: Smeargle|Spore|p1a: Porygon2\n|-activate|p1a: Porygon2|move: Misty Terrain\n|move|p1a: Porygon2|Ice Beam|p2b: Smeargle\n|-damage|p2b: Smeargle|0 fnt\n|faint|p2b: Smeargle\n|\n|-weather|RainDance|[upkeep]\n|-start|p1b: Meowstic|perish2\n|-start|p1a: Porygon2|perish2\n|upkeep\n|\n|t:|1735753422\n|switch|p2b: Politoed|Politoed, L50, M|27/100\n|turn|10\n|\n|t:|1735753431\n|move|p2b: Politoed|Protect|p2b: Politoed\n|-singleturn|p2b: Politoed|Protect\n|move|p2a: Gothitelle|Protect|p2a: Gothitelle\n|-singleturn|p2a: Gothitelle|Protect\n|move|p1b: Meowstic|Psychic Noise|p2a: Gothitelle\n|-activate|p2a: Gothitelle|move: Protect\n|move|p1a: Porygon2|Tera Blast|p2b: Politoed|[anim] Tera Blast Ghost\n|-activate|p2b: Politoed|move: Protect\n|\n|-weather|RainDance|[upkeep]\n|-heal|p2b: Politoed|33/100|[from] item: Leftovers\n|-start|p1b: Meowstic|perish1\n|-start|p1a: Porygon2|perish1\n|upkeep\n|turn|11\n|-message|The Force Of Evil forfeited.\n|\n|win|WLG Xeb41\n||The Force Of Evil is ready for game 2.\n||WLG Xeb41 is ready for game 2.\n|uhtml|next|Next: <a href=\"/battle-gen9vgc2024regh-2273231376\"><strong>Game 2 of 3</strong></a>\n|l|\u2606WLG Xeb41\n|player|p2|\n",
  "uploadtime": 1735753444,
  "views": 148,
  "formatid": "gen9vgc2024regh",
  "rating": null,
  "private": 0,
  "password": null
}