{
  "id": "gen9vgc2024regh-2273135966",
  "format": "[Gen 9] VGC 2024 Reg H",
  "players": [
    "Kinggallo",
    "Lostgalaxyfight"
  ],
  "log": "|j|\u2606Kinggallo\n|j|\u2606Lostgalaxyfight\n|t:|1735738172\n|gametype|doubles\n|player|p1|Kinggallo|silver|1136\n|player|p2|Lostgalaxyfight|boarder|1162\n|teamsize|p1|6\n|teamsize|p2|6\n|gen|9\n|tier|[Gen 9] VGC 2024 Reg H\n|rated|\n|rule|Species Clause: Limit one of each Pok\u00e9mon\n|rule|Item Clause: Limit 1 of each item\n|clearpoke\n|poke|p1|Gliscor, L50, M|\n|poke|p1|Feraligatr, L50, F|\n|poke|p1|Ariados, L50, M|\n|poke|p1|Ampharos, L50, F|\n|poke|p1|Ambipom, L50, F|\n|poke|p1|Tyranitar, L50, M|\n|poke|p2|Garchomp, L50, M|\n|poke|p2|Dragonite, L50, M|\n|poke|p2|Gholdengo, L50|\n|poke|p2|Whimsicott, L50, M|\n|poke|p2|Incineroar, L50, M|\n|poke|p2|Sneasler, L50, M|\n|teampreview|4\n|\n|t:|1735738194\n|start\n|switch|p1a: Ambipom|Ambipom, L50, F|100/100\n|switch|p1b: Ariados|Ariados, L50, M|100/100\n|switch|p2a: Drago|Dragonite, L50, M|100/100\n|switch|p2b: Goldi|Gholdengo, L50, shiny|100/100\n|-item|p2b: Goldi|Air Balloon\n|turn|1\n|\n|t:|1735738214\n|move|p2a: Drago|Protect|p2a: Drago\n|-singleturn|p2a: Drago|Protect\n|move|p1a: Ambipom|Triple Axel|p2a: Drago\n|-activate|p2a: Drago|move: Protect\n|move|p2b: Goldi|Nasty Plot|p2b: Goldi\n|-boost|p2b: Goldi|spa|2\n|move|p1b: Ariados|Sticky Web|p2b: Goldi\n|-sidestart|p2: Lostgalaxyfight|move: Sticky Web\n|\n|upkeep\n|turn|2\n|\n|t:|1735738232\n|move|p1b: Ariados|Rage Powder|p1b: Ariados\n|-singleturn|p1b: Ariados|move: Rage Powder\n|move|p1a: Ambipom|Knock Off|p2b: Goldi\n|-supereffective|p2b: Goldi\n|-damage|p2b: Goldi|40/100\n|-enditem|p2b: Goldi|Air Balloon\n|move|p2b: Goldi|Make It Rain|p1b: Ariados|[spread] p1a,p1b\n|-damage|p1a: Ambipom|0 fnt\n|-enditem|p1b: Ariados|Focus Sash\n|-damage|p1b: Ariados|1/100\n|-unboost|p2b: Goldi|spa|1\n|faint|p1a: Ambipom\n|move|p2a: Drago|Scale Shot|p1b: Ariados\n|-damage|p1b: Ariados|0 fnt\n|faint|p1b: Ariados\n|-hitcount|p1: Ariados|1\n|-unboost|p2a: Drago|def|1\n|-boost|p2a: Drago|spe|1\n|\n|upkeep\n|\n|t:|1735738255\n|switch|p1a: Gliscor|Gliscor, L50, M|100/100\n|switch|p1b: Feraligatr|Feraligatr, L50, F|100/100\n|turn|3\n|\n|t:|1735738276\n|move|p2a: Drago|Protect|p2a: Drago\n|-singleturn|p2a: Drago|Protect\n|move|p2b: Goldi|Protect|p2b: Goldi\n|-singleturn|p2b: Goldi|Protect\n|move|p1b: Feraligatr|Protect|p1b: Feraligatr\n|-singleturn|p1b: Feraligatr|Protect\n|move|p1a: Gliscor|High Horsepower|p2b: Goldi\n|-activate|p2b: Goldi|move: Protect\n|\n|-status|p1a: Gliscor|tox|[from] item: Toxic Orb\n|upkeep\n|turn|4\n|\n|t:|1735738301\n|move|p1a: Gliscor|Knock Off|p2b: Goldi\n|-supereffective|p2b: Goldi\n|-damage|p2b: Goldi|2/100\n|move|p2a: Drago|Scale Shot|p1a: Gliscor\n|-damage|p1a: Gliscor|86/100 tox\n|-damage|p1a: Gliscor|72/100 tox\n|-damage|p1a: Gliscor|57/100 tox\n|-damage|p1a: Gliscor|42/100 tox\n|-damage|p1a: Gliscor|29/100 tox\n|-hitcount|p1a: Gliscor|5\n|-unboost|p2a: Drago|def|1\n|-boost|p2a: Drago|spe|1\n|move|p2b: Goldi|Make It Rain|p1b: Feraligatr|[spread] p1a,p1b\n|-resisted|p1b: Feraligatr\n|-damage|p1a: Gliscor|0 fnt\n|-damage|p1b: Feraligatr|60/100\n|-unboost|p2b: Goldi|spa|1\n|faint|p1a: Gliscor\n|move|p1b: Feraligatr|Ice Punch|p2a: Drago\n|-supereffective|p2a: Drago\n|-damage|p2a: Drago|0 fnt\n|faint|p2a: Drago\n|\n|upkeep\n|\n|t:|1735738324\n|switch|p2a: Rawr|Incineroar, L50, M, shiny|100/100\n|-activate|p2a: Rawr|move: Sticky Web\n|-unboost|p2a: Rawr|spe|1\n|-ability|p2a: Rawr|Intimidate|boost\n|-unboost|p1b: Feraligatr|atk|1\n|turn|5\n|\n|t:|1735738334\n|move|p1b: Feraligatr|Protect|p1b: Feraligatr\n|-singleturn|p1b: Feraligatr|Protect\n|move|p2a: Rawr|Fake Out|p1b: Feraligatr\n|-activate|p1b: Feraligatr|move: Protect\n|move|p2b: Goldi|Nasty Plot|p2b: Goldi\n|-boost|p2b: Goldi|spa|2\n|\n|upkeep\n|turn|6\n|\n|t:|1735738349\n|move|p2b: Goldi|Protect|p2b: Goldi\n|-singleturn|p2b: Goldi|Protect\n|move|p1b: Feraligatr|Liquidation|p2b: Goldi\n|-activate|p2b: Goldi|move: Protect\n|move|p2a: Rawr|Knock Off|p1b: Feraligatr\n|-damage|p1b: Feraligatr|17/100\n|-enditem|p1b: Feraligatr|Life Orb|[from] move: Knock Off|[of] p2a: Rawr\n|\n|upkeep\n|turn|7\n|-message|Kinggallo forfeited.\n|\n|win|Lostgalaxyfight\n|raw|Kinggallo's rating: 1136 &rarr; <strong>1113</strong><br />(-23 for losing)\n|raw|Lostgalaxyfight's rating: 1162 &rarr; <strong>1185</strong><br />(+23 for winning)\n|l|\u2606Kinggallo\n|player|p1|\n",
  "uploadtime": 1735738643,
  "views": 25,
  "formatid": "gen9vgc2024regh",
  "rating": 1113,
  "private": 0,
  "password": null
}