{
  "id": "gen9vgc2024regh-2273160847",
  "format": "[Gen 9] VGC 2024 Reg H",
  "players": [
    "PugBurro",
    "nicolas rainier"
  ],
  "log": "|j|\u2606PugBurro\n|j|\u2606nicolas rainier\n|t:|1735742834\n|gametype|doubles\n|player|p1|PugBurro|crasherwake|1541\n|player|p2|nicolas rainier|266|1496\n|teamsize|p1|6\n|teamsize|p2|6\n|gen|9\n|tier|[Gen 9] VGC 2024 Reg H\n|rated|\n|rule|Species Clause: Limit one of each Pok\u00e9mon\n|rule|Item Clause: Limit 1 of each item\n|clearpoke\n|poke|p1|Whimsicott, L50, M|\n|poke|p1|Typhlosion-Hisui, L50, F|\n|poke|p1|Clefairy, L50, M|\n|poke|p1|Ursaluna-Bloodmoon, L50, M|\n|poke|p1|Farigiraf, L50, M|\n|poke|p1|Annihilape, L50, M|\n|poke|p2|Farigiraf, L50, M|\n|poke|p2|Sinistcha-Masterpiece, L50|\n|poke|p2|Ursaluna-Bloodmoon, L50, M|\n|poke|p2|Incineroar, L50, M|\n|poke|p2|Gholdengo, L50|\n|poke|p2|Flamigo, L50, M|\n|teampreview|4\n|\n|t:|1735742887\n|start\n|switch|p1a: Whimsicott|Whimsicott, L50, M|100/100\n|switch|p1b: Typhlosion|Typhlosion-Hisui, L50, F|100/100\n|switch|p2a: Gholdengo|Gholdengo, L50|100/100\n|switch|p2b: Flamigo|Flamigo, L50, M, shiny|100/100\n|turn|1\n|\n|t:|1735742912\n|switch|p2a: Incineroar|Incineroar, L50, M, shiny|100/100\n|-ability|p2a: Incineroar|Intimidate|boost\n|-unboost|p1a: Whimsicott|atk|1\n|-unboost|p1b: Typhlosion|atk|1\n|-terastallize|p1b: Typhlosion|Fire\n|move|p2b: Flamigo|Protect|p2b: Flamigo\n|-singleturn|p2b: Flamigo|Protect\n|move|p1a: Whimsicott|Tailwind|p1a: Whimsicott\n|-sidestart|p1: PugBurro|move: Tailwind\n|move|p1b: Typhlosion|Eruption|p2b: Flamigo|[spread] p2a\n|-activate|p2b: Flamigo|move: Protect\n|-resisted|p2a: Incineroar\n|-damage|p2a: Incineroar|65/100\n|\n|upkeep\n|turn|2\n|inactive|Battle timer is ON: inactive players will automatically lose when time's up. (requested by PugBurro)\n|\n|t:|1735742956\n|switch|p1b: Annihilape|Annihilape, L50, M|100/100\n|move|p2b: Flamigo|Wide Guard|p2b: Flamigo\n|-singleturn|p2b: Flamigo|Wide Guard\n|move|p1a: Whimsicott|Encore|p2b: Flamigo\n|-start|p2b: Flamigo|Encore\n|move|p2a: Incineroar|Flare Blitz|p1a: Whimsicott\n|-supereffective|p1a: Whimsicott\n|-enditem|p1a: Whimsicott|Focus Sash\n|-damage|p1a: Whimsicott|1/100\n|-damage|p2a: Incineroar|43/100|[from] Recoil\n|\n|upkeep\n|turn|3\n|inactive|nicolas rainier has 30 seconds left.\n|\n|t:|1735742982\n|switch|p2b: Farigiraf|Farigiraf, L50, M, shiny|100/100\n|switch|p2a: Gholdengo|Gholdengo, L50|100/100\n|move|p1a: Whimsicott|Beat Up|p1b: Annihilape\n|-damage|p1b: Annihilape|99/100\n|-damage|p1b: Annihilape|97/100\n|-damage|p1b: Annihilape|95/100\n|-damage|p1b: Annihilape|94/100\n|-hitcount|p1b: Annihilape|4\n|move|p1b: Annihilape|Drain Punch|p2a: Gholdengo\n|-immune|p2a: Gholdengo\n|\n|upkeep\n|turn|4\n|inactive|nicolas rainier has 30 seconds left.\n|inactive|nicolas rainier has 20 seconds left.\n|inactive|nicolas rainier has 15 seconds left.\n|inactive|nicolas rainier has 10 seconds left.\n|\n|t:|1735743029\n|switch|p1a: Ursaluna|Ursaluna-Bloodmoon, L50, M|100/100\n|move|p2a: Gholdengo|Protect|p2a: Gholdengo\n|-singleturn|p2a: Gholdengo|Protect\n|move|p1b: Annihilape|Rage Fist|p2a: Gholdengo\n|-activate|p2a: Gholdengo|move: Protect\n|move|p2b: Farigiraf|Psychic|p1b: Annihilape\n|-supereffective|p1b: Annihilape\n|-damage|p1b: Annihilape|36/100\n|\n|-sideend|p1: PugBurro|move: Tailwind\n|upkeep\n|turn|5\n|inactive|nicolas rainier has 30 seconds left.\n|\n|t:|1735743058\n|switch|p2a: Incineroar|Incineroar, L50, M, shiny|43/100\n|-ability|p2a: Incineroar|Intimidate|boost\n|-unboost|p1a: Ursaluna|atk|1\n|-unboost|p1b: Annihilape|atk|1\n|-ability|p1b: Annihilape|Defiant|boost\n|-boost|p1b: Annihilape|atk|2\n|move|p1b: Annihilape|Rage Fist|p2a: Incineroar\n|-resisted|p2a: Incineroar\n|-crit|p2a: Incineroar\n|-damage|p2a: Incineroar|0 fnt\n|faint|p2a: Incineroar\n|move|p1a: Ursaluna|Blood Moon|p2b: Farigiraf\n|-damage|p2b: Farigiraf|20/100\n|move|p2b: Farigiraf|Psychic|p1b: Annihilape\n|-supereffective|p1b: Annihilape\n|-damage|p1b: Annihilape|0 fnt\n|faint|p1b: Annihilape\n|\n|upkeep\n|\n|t:|1735743073\n|switch|p1b: Whimsicott|Whimsicott, L50, M|1/100\n|switch|p2a: Flamigo|Flamigo, L50, M, shiny|100/100\n|turn|6\n|\n|t:|1735743097\n|-terastallize|p2a: Flamigo|Stellar\n|move|p2b: Farigiraf|Protect|p2b: Farigiraf\n|-singleturn|p2b: Farigiraf|Protect\n|move|p1b: Whimsicott|Tailwind|p1b: Whimsicott\n|-sidestart|p1: PugBurro|move: Tailwind\n|move|p1a: Ursaluna|Hyper Voice|p2a: Flamigo|[spread] p2a\n|-activate|p2b: Farigiraf|move: Protect\n|-damage|p2a: Flamigo|32/100\n|move|p2a: Flamigo|Close Combat|p1a: Ursaluna\n|-supereffective|p1a: Ursaluna\n|-damage|p1a: Ursaluna|0 fnt\n|-unboost|p2a: Flamigo|def|1\n|-unboost|p2a: Flamigo|spd|1\n|faint|p1a: Ursaluna\n|\n|upkeep\n|\n|t:|1735743109\n|switch|p1a: Typhlosion|Typhlosion-Hisui, L50, F, tera:Fire|100/100\n|turn|7\n|c|\u2606PugBurro|ggs\n|inactive|nicolas rainier has 30 seconds left.\n|inactive|nicolas rainier has 20 seconds left.\n|inactive|PugBurro has 30 seconds left.\n|inactive|nicolas rainier has 15 seconds left.\n|inactive|nicolas rainier has 10 seconds left.\n|inactive|nicolas rainier has 5 seconds left.\n|\n|t:|1735743160\n|move|p2a: Flamigo|Wide Guard|p2a: Flamigo\n|-singleturn|p2a: Flamigo|Wide Guard\n|move|p1b: Whimsicott|Beat Up|p2b: Farigiraf\n|-supereffective|p2b: Farigiraf\n|-damage|p2b: Farigiraf|15/100\n|-supereffective|p2b: Farigiraf\n|-damage|p2b: Farigiraf|11/100\n|-hitcount|p2b: Farigiraf|2\n|move|p1a: Typhlosion|Heat Wave|p2a: Flamigo|[spread] \n|-activate|p2a: Flamigo|move: Wide Guard\n|-activate|p2b: Farigiraf|move: Wide Guard\n|move|p2b: Farigiraf|Psychic|p1b: Whimsicott\n|-crit|p1b: Whimsicott\n|-damage|p1b: Whimsicott|0 fnt\n|faint|p1b: Whimsicott\n|\n|upkeep\n|turn|8\n|\n|t:|1735743174\n|move|p2a: Flamigo|Wide Guard|p2a: Flamigo\n|-singleturn|p2a: Flamigo|Wide Guard\n|move|p1a: Typhlosion|Heat Wave|p2b: Farigiraf|[spread] \n|-activate|p2a: Flamigo|move: Wide Guard\n|-activate|p2b: Farigiraf|move: Wide Guard\n|move|p2b: Farigiraf|Psychic|p1a: Typhlosion\n|-damage|p1a: Typhlosion|39/100\n|\n|upkeep\n|turn|9\n|c|\u2606nicolas rainier|Gg\n|-message|PugBurro forfeited.\n|\n|win|nicolas rainier\n|raw|PugBurro's rating: 1541 &rarr; <strong>1518</strong><br />(-23 for losing)\n|raw|nicolas rainier's rating: 1496 &rarr; <strong>1519</strong><br />(+23 for winning)\n|l|\u2606PugBurro\n|player|p1|\n|j|\u2606PugBurro\n|player|p1|PugBurro|crasherwake|\n|l|\u2606PugBurro\n|player|p1|\n|c|\u2606nicolas rainier|I was thinking flametrower\n|c|\u2606nicolas rainier|So i think i lose\n|l|\u2606nicolas rainier\n|player|p2|\n",
  "uploadtime": 1735743351,
  "views": 124,
  "formatid": "gen9vgc2024regh",
  "rating": 1518,
  "private": 0,
  "password": null
}