{
  "id": "gen9vgc2024regh-2273145007",
  "format": "[Gen 9] VGC 2024 Reg H",
  "players": [
    "2012zar",
    "Popeye1"
  ],
  "log": "|j|\u26062012zar\n|j|\u2606Popeye1\n|t:|1735739947\n|gametype|doubles\n|player|p1|2012zar|2|1405\n|player|p2|Popeye1|169|1477\n|teamsize|p1|6\n|teamsize|p2|6\n|gen|9\n|tier|[Gen 9] VGC 2024 Reg H\n|rated|\n|rule|Species Clause: Limit one of each Pok\u00e9mon\n|rule|Item Clause: Limit 1 of each item\n|clearpoke\n|poke|p1|Ursaluna-Bloodmoon, L50, M|\n|poke|p1|Sneasler, L50, M|\n|poke|p1|Electabuzz, L50, F|\n|poke|p1|Talonflame, L50, F|\n|poke|p1|Incineroar, L50, F|\n|poke|p1|Indeedee, L50, M|\n|poke|p2|Ceruledge, L50, F|\n|poke|p2|Amoonguss, L50, F|\n|poke|p2|Primarina, L50, M|\n|poke|p2|Corviknight, L50, M|\n|poke|p2|Garchomp, L50, F|\n|poke|p2|Gallade, L50, M|\n|teampreview|4\n|inactive|Battle timer is ON: inactive players will automatically lose when time's up. (requested by Popeye1)\nPopeye1 has agreed to open team sheets.\n|inactive|2012zar has 60 seconds left.\n|\n|t:|1735740000\n|start\n|switch|p1a: Talonflame|Talonflame, L50, F|100/100\n|switch|p1b: Sneasler|Sneasler, L50, M|100/100\n|switch|p2a: Corviknight|Corviknight, L50, M|100/100\n|switch|p2b: Garchomp|Garchomp, L50, F|100/100\n|turn|1\n|\n|t:|1735740020\n|move|p1b: Sneasler|Protect|p1b: Sneasler\n|-singleturn|p1b: Sneasler|Protect\n|move|p2b: Garchomp|Protect|p2b: Garchomp\n|-singleturn|p2b: Garchomp|Protect\n|move|p1a: Talonflame|Will-O-Wisp|p2b: Garchomp\n|-activate|p2b: Garchomp|move: Protect\n|move|p2a: Corviknight|Brave Bird|p1b: Sneasler\n|-activate|p1b: Sneasler|move: Protect\n|\n|upkeep\n|turn|2\n|\n|t:|1735740040\n|switch|p1b: Incineroar|Incineroar, L50, F|100/100\n|-ability|p1b: Incineroar|Intimidate|boost\n|-ability|p2a: Corviknight|Mirror Armor\n|-unboost|p1b: Incineroar|atk|1\n|-unboost|p2b: Garchomp|atk|1\n|move|p1a: Talonflame|Will-O-Wisp|p2b: Garchomp\n|-status|p2b: Garchomp|brn\n|move|p2b: Garchomp|Dragon Claw|p1a: Talonflame\n|-damage|p1a: Talonflame|73/100\n|-damage|p2b: Garchomp|91/100 brn|[from] item: Life Orb\n|move|p2a: Corviknight|Tailwind|p2a: Corviknight\n|-sidestart|p2: Popeye1|move: Tailwind\n|\n|-damage|p2b: Garchomp|85/100 brn|[from] brn\n|upkeep\n|turn|3\n|inactive|Popeye1 has 30 seconds left.\n|inactive|2012zar has 30 seconds left.\n|inactive|Popeye1 has 20 seconds left.\n|\n|t:|1735740077\n|-terastallize|p2a: Corviknight|Dragon\n|move|p2b: Garchomp|Protect|p2b: Garchomp\n|-singleturn|p2b: Garchomp|Protect\n|move|p1b: Incineroar|Fake Out|p2a: Corviknight\n|-damage|p2a: Corviknight|94/100\n|move|p1a: Talonflame|Flare Blitz|p2a: Corviknight\n|-resisted|p2a: Corviknight\n|-damage|p2a: Corviknight|78/100\n|-status|p2a: Corviknight|brn\n|-damage|p1a: Talonflame|65/100|[from] Recoil\n|cant|p2a: Corviknight|flinch\n|\n|-heal|p2a: Corviknight|83/100 brn|[from] item: Leftovers\n|-damage|p2b: Garchomp|79/100 brn|[from] brn\n|-damage|p2a: Corviknight|78/100 brn|[from] brn\n|upkeep\n|turn|4\n|\n|t:|1735740101\n|move|p2b: Garchomp|Dragon Claw|p1a: Talonflame\n|-damage|p1a: Talonflame|37/100\n|-damage|p2b: Garchomp|69/100 brn|[from] item: Life Orb\n|move|p1a: Talonflame|Tailwind|p1a: Talonflame\n|-sidestart|p1: 2012zar|move: Tailwind\n|move|p2a: Corviknight|Brave Bird|p1a: Talonflame\n|-damage|p1a: Talonflame|10/100\n|-damage|p2a: Corviknight|71/100 brn|[from] Recoil\n|move|p1b: Incineroar|Knock Off|p2a: Corviknight\n|-damage|p2a: Corviknight|51/100 brn\n|-enditem|p2a: Corviknight|Leftovers|[from] move: Knock Off|[of] p1b: Incineroar\n|\n|-damage|p2b: Garchomp|63/100 brn|[from] brn\n|-damage|p2a: Corviknight|45/100 brn|[from] brn\n|upkeep\n|turn|5\n|inactive|2012zar has 30 seconds left.\n|\n|t:|1735740126\n|move|p1a: Talonflame|Dual Wingbeat|p2a: Corviknight\n|-damage|p2a: Corviknight|34/100 brn\n|-damage|p2a: Corviknight|23/100 brn\n|-hitcount|p2a: Corviknight|2\n|move|p2b: Garchomp|Earthquake|p1b: Incineroar|[spread] p2a,p1b\n|-immune|p1a: Talonflame\n|-supereffective|p1b: Incineroar\n|-damage|p2a: Corviknight|12/100 brn\n|-damage|p1b: Incineroar|73/100\n|-damage|p2b: Garchomp|53/100 brn|[from] item: Life Orb\n|move|p2a: Corviknight|Brave Bird|p1a: Talonflame\n|-damage|p1a: Talonflame|0 fnt\n|faint|p1a: Talonflame\n|-damage|p2a: Corviknight|9/100 brn|[from] Recoil\n|move|p1b: Incineroar|Parting Shot|p2b: Garchomp\n|-unboost|p2b: Garchomp|atk|1\n|-unboost|p2b: Garchomp|spa|1\n|\n|t:|1735740146\n|switch|p1b: Ursaluna|Ursaluna-Bloodmoon, L50, M|100/100|[from] Parting Shot\n|\n|-damage|p2b: Garchomp|47/100 brn|[from] brn\n|-damage|p2a: Corviknight|3/100 brn|[from] brn\n|-sideend|p2: Popeye1|move: Tailwind\n|upkeep\n|\n|t:|1735740153\n|switch|p1a: Sneasler|Sneasler, L50, M|100/100\n|turn|6\n|\n|t:|1735740165\n|switch|p1a: Incineroar|Incineroar, L50, F|73/100\n|-ability|p1a: Incineroar|Intimidate|boost\n|-ability|p2a: Corviknight|Mirror Armor\n|-unboost|p1a: Incineroar|atk|1\n|-unboost|p2b: Garchomp|atk|1\n|-terastallize|p1b: Ursaluna|Normal\n|move|p2b: Garchomp|Protect|p2b: Garchomp\n|-singleturn|p2b: Garchomp|Protect\n|move|p2a: Corviknight|Protect|p2a: Corviknight\n|-singleturn|p2a: Corviknight|Protect\n|move|p1b: Ursaluna|Hyper Voice|p2b: Garchomp|[spread] \n|-activate|p2a: Corviknight|move: Protect\n|-activate|p2b: Garchomp|move: Protect\n|\n|-damage|p2b: Garchomp|41/100 brn|[from] brn\n|-damage|p2a: Corviknight|0 fnt|[from] brn\n|faint|p2a: Corviknight\n|upkeep\n|\n|t:|1735740187\n|switch|p2a: Gallade|Gallade, L50, M|100/100\n|turn|7\n|inactive|Popeye1 has 30 seconds left.\n|\n|t:|1735740220\n|switch|p2a: Amoonguss|Amoonguss, L50, F|100/100\n|move|p1a: Incineroar|Fake Out|p2a: Amoonguss\n|-damage|p2a: Amoonguss|94/100\n|move|p1b: Ursaluna|Hyper Voice|p2a: Amoonguss|[spread] p2a,p2b\n|-damage|p2a: Amoonguss|25/100\n|-damage|p2b: Garchomp|0 fnt\n|-enditem|p2a: Amoonguss|Aguav Berry|[eat]\n|-heal|p2a: Amoonguss|58/100|[from] item: Aguav Berry\n|faint|p2b: Garchomp\n|-damage|p1b: Ursaluna|91/100|[from] item: Life Orb\n|\n|-sideend|p1: 2012zar|move: Tailwind\n|upkeep\n|\n|t:|1735740229\n|switch|p2b: Gallade|Gallade, L50, M|100/100\n|turn|8\n|\n|t:|1735740250\n|move|p2a: Amoonguss|Protect|p2a: Amoonguss\n|-singleturn|p2a: Amoonguss|Protect\n|move|p2b: Gallade|Sacred Sword|p1b: Ursaluna\n|-supereffective|p1b: Ursaluna\n|-damage|p1b: Ursaluna|0 fnt\n|faint|p1b: Ursaluna\n|move|p1a: Incineroar|Flare Blitz|p2a: Amoonguss\n|-activate|p2a: Amoonguss|move: Protect\n|\n|upkeep\n|j| jasonrfry2\n|\n|t:|1735740257\n|switch|p1b: Sneasler|Sneasler, L50, M|100/100\n|turn|9\n|\n|t:|1735740267\n|move|p1b: Sneasler|Protect|p1b: Sneasler\n|-singleturn|p1b: Sneasler|Protect\n|move|p2a: Amoonguss|Rage Powder|p2a: Amoonguss\n|-singleturn|p2a: Amoonguss|move: Rage Powder\n|move|p2b: Gallade|Sacred Sword|p1a: Incineroar\n|-supereffective|p1a: Incineroar\n|-damage|p1a: Incineroar|0 fnt\n|faint|p1a: Incineroar\n|\n|upkeep\n|turn|10\n|\n|t:|1735740276\n|move|p2b: Gallade|Sacred Sword|p1b: Sneasler\n|-resisted|p1b: Sneasler\n|-damage|p1b: Sneasler|39/100\n|move|p1b: Sneasler|Dire Claw|p2b: Gallade\n|-damage|p2b: Gallade|25/100\n|move|p2a: Amoonguss|Spore|p1b: Sneasler\n|-status|p1b: Sneasler|slp|[from] move: Spore\n|\n|upkeep\n|turn|11\n|-message|2012zar forfeited.\n|\n|win|Popeye1\n|raw|2012zar's rating: 1405 &rarr; <strong>1389</strong><br />(-16 for losing)\n|raw|Popeye1's rating: 1477 &rarr; <strong>1493</strong><br />(+16 for winning)\n|l|\u26062012zar\n|player|p1|\n|l| jasonrfry2\n|l|\u2606Popeye1\n|player|p2|\n",
  "uploadtime": 1735740583,
  "views": 10,
  "formatid": "gen9vgc2024regh",
  "rating": 1389,
  "private": 0,
  "password": null
}