{
  "id": "gen9vgc2024regh-2273212624",
  "format": "[Gen 9] VGC 2024 Reg H",
  "players": [
    "Semiau",
    "greenknightsixVGC"
  ],
  "log": "|j|\u2606Semiau\n|j|\u2606greenknightsixVGC\n|t:|1735750808\n|gametype|doubles\n|player|p1|Semiau|101|1419\n|player|p2|greenknightsixVGC|gentleman-gen4|1296\n|teamsize|p1|6\n|teamsize|p2|6\n|gen|9\n|tier|[Gen 9] VGC 2024 Reg H\n|rated|\n|rule|Species Clause: Limit one of each Pok\u00e9mon\n|rule|Item Clause: Limit 1 of each item\n|clearpoke\n|poke|p1|Pelipper, L50, M|\n|poke|p1|Basculegion-F, L50, F|\n|poke|p1|Archaludon, L50, F|\n|poke|p1|Rillaboom, L50, M|\n|poke|p1|Annihilape, L50, F|\n|poke|p1|Maushold-Four, L50|\n|poke|p2|Hatterene, L50, F|\n|poke|p2|Indeedee-F, L50, F|\n|poke|p2|Amoonguss, L50, F|\n|poke|p2|Conkeldurr, L50, F|\n|poke|p2|Garchomp, L50, F|\n|poke|p2|Porygon2, L50|\n|teampreview|4\n|\n|t:|1735750828\n|start\n|switch|p1a: Basculegion|Basculegion-F, L50, F|100/100\n|switch|p1b: Pelipper|Pelipper, L50, M|100/100\n|switch|p2a: Hatterene|Hatterene, L50, F, shiny|100/100\n|switch|p2b: Indeedee|Indeedee-F, L50, F, shiny|100/100\n|-weather|RainDance|[from] ability: Drizzle|[of] p1b: Pelipper\n|-fieldstart|move: Psychic Terrain|[from] ability: Psychic Surge|[of] p2b: Indeedee\n|-enditem|p2b: Indeedee|Psychic Seed\n|-boost|p2b: Indeedee|spd|1|[from] item: Psychic Seed\n|turn|1\n|\n|t:|1735750843\n|-terastallize|p1a: Basculegion|Water\n|move|p2b: Indeedee|Follow Me|p2b: Indeedee\n|-singleturn|p2b: Indeedee|move: Follow Me\n|move|p1a: Basculegion|Muddy Water|p2b: Indeedee|[spread] p2a,p2b\n|-damage|p2a: Hatterene|30/100\n|-damage|p2b: Indeedee|69/100\n|move|p1b: Pelipper|Hurricane|p2b: Indeedee\n|-damage|p2b: Indeedee|49/100\n|-start|p2b: Indeedee|confusion\n|move|p2a: Hatterene|Trick Room|p2a: Hatterene\n|-fieldstart|move: Trick Room|[of] p2a: Hatterene\n|\n|-weather|RainDance|[upkeep]\n|upkeep\n|turn|2\n|\n|t:|1735750864\n|switch|p1b: Rillaboom|Rillaboom, L50, M|100/100\n|-fieldstart|move: Grassy Terrain|[from] ability: Grassy Surge|[of] p1b: Rillaboom\n|-terastallize|p2a: Hatterene|Psychic\n|-activate|p2b: Indeedee|confusion\n|move|p2b: Indeedee|Follow Me|p2b: Indeedee\n|-singleturn|p2b: Indeedee|move: Follow Me\n|move|p2a: Hatterene|Expanding Force|p1b: Rillaboom\n|-damage|p1b: Rillaboom|35/100\n|-damage|p2a: Hatterene|20/100|[from] item: Life Orb\n|move|p1a: Basculegion|Muddy Water|p2b: Indeedee|[spread] p2b\n|-miss|p1a: Basculegion|p2a: Hatterene\n|-damage|p2b: Indeedee|19/100\n|\n|-weather|RainDance|[upkeep]\n|-heal|p2a: Hatterene|26/100|[from] Grassy Terrain\n|-heal|p2b: Indeedee|25/100|[from] Grassy Terrain\n|-heal|p1b: Rillaboom|41/100|[from] Grassy Terrain\n|upkeep\n|turn|3\n|\n|t:|1735750888\n|switch|p2a: Conkeldurr|Conkeldurr, L50, F, shiny|100/100\n|switch|p2b: Amoonguss|Amoonguss, L50, F, shiny|100/100\n|move|p1b: Rillaboom|Fake Out|p2a: Conkeldurr\n|-damage|p2a: Conkeldurr|87/100\n|move|p1a: Basculegion|Muddy Water|p2a: Conkeldurr|[spread] p2a,p2b\n|-resisted|p2b: Amoonguss\n|-damage|p2a: Conkeldurr|12/100\n|-damage|p2b: Amoonguss|80/100\n|-unboost|p2a: Conkeldurr|accuracy|1\n|-unboost|p2b: Amoonguss|accuracy|1\n|\n|-weather|RainDance|[upkeep]\n|-heal|p2b: Amoonguss|86/100|[from] Grassy Terrain\n|-heal|p2a: Conkeldurr|19/100|[from] Grassy Terrain\n|-heal|p1b: Rillaboom|47/100|[from] Grassy Terrain\n|-status|p2a: Conkeldurr|brn|[from] item: Flame Orb\n|upkeep\n|turn|4\n|\n|t:|1735750913\n|move|p1a: Basculegion|Protect|p1a: Basculegion\n|-singleturn|p1a: Basculegion|Protect\n|move|p1b: Rillaboom|Grassy Glide|p2a: Conkeldurr\n|-damage|p2a: Conkeldurr|0 fnt\n|faint|p2a: Conkeldurr\n|move|p2b: Amoonguss|Spore|p1a: Basculegion\n|-activate|p1a: Basculegion|move: Protect\n|\n|-weather|RainDance|[upkeep]\n|-heal|p2b: Amoonguss|92/100|[from] Grassy Terrain\n|-heal|p1b: Rillaboom|53/100|[from] Grassy Terrain\n|upkeep\n|\n|t:|1735750924\n|switch|p2a: Indeedee|Indeedee-F, L50, F, shiny|25/100\n|-fieldstart|move: Psychic Terrain|[from] ability: Psychic Surge|[of] p2a: Indeedee\n|turn|5\n|\n|t:|1735750948\n|switch|p1a: Pelipper|Pelipper, L50, M|100/100\n|move|p2b: Amoonguss|Sludge Bomb|p1b: Rillaboom\n|-supereffective|p1b: Rillaboom\n|-damage|p1b: Rillaboom|13/100\n|move|p2a: Indeedee|Healing Wish|p2a: Indeedee\n|faint|p2a: Indeedee\n|move|p1b: Rillaboom|U-turn|p2b: Amoonguss\n|-damage|p2b: Amoonguss|67/100\n|-damage|p1b: Rillaboom|0 fnt|[from] item: Rocky Helmet|[of] p2b: Amoonguss\n|faint|p1b: Rillaboom\n|\n|-weather|none\n|-fieldend|move: Trick Room\n|upkeep\n|\n|t:|1735750968\n|switch|p1b: Basculegion|Basculegion-F, L50, F, tera:Water|100/100\n|switch|p2a: Hatterene|Hatterene, L50, F, shiny, tera:Psychic|26/100\n|-heal|p2a: Hatterene|100/100|[from] move: Healing Wish\n|turn|6\n|\n|t:|1735751012\n|move|p1b: Basculegion|Protect|p1b: Basculegion\n|-singleturn|p1b: Basculegion|Protect\n|move|p2b: Amoonguss|Rage Powder|p2b: Amoonguss\n|-singleturn|p2b: Amoonguss|move: Rage Powder\n|move|p1a: Pelipper|Hurricane|p2b: Amoonguss|[miss]\n|-miss|p1a: Pelipper|p2b: Amoonguss\n|move|p2a: Hatterene|Trick Room|p2a: Hatterene\n|-fieldstart|move: Trick Room|[of] p2a: Hatterene\n|\n|upkeep\n|turn|7\n|\n|t:|1735751028\n|move|p2a: Hatterene|Expanding Force|p1a: Pelipper|[spread] p1a,p1b\n|-enditem|p1a: Pelipper|Focus Sash\n|-damage|p1a: Pelipper|1/100\n|-damage|p1b: Basculegion|0 fnt\n|faint|p1b: Basculegion\n|-damage|p2a: Hatterene|91/100|[from] item: Life Orb\n|move|p2b: Amoonguss|Spore|p1a: Pelipper|[miss]\n|-miss|p2b: Amoonguss|p1a: Pelipper\n|move|p1a: Pelipper|Hurricane|p2b: Amoonguss\n|-supereffective|p2b: Amoonguss\n|-damage|p2b: Amoonguss|1/100\n|\n|upkeep\n|\n|t:|1735751042\n|switch|p1b: Annihilape|Annihilape, L50, F|100/100\n|turn|8\n|\n|t:|1735751057\n|move|p2a: Hatterene|Expanding Force|p1b: Annihilape|[spread] p1a,p1b\n|-supereffective|p1b: Annihilape\n|-damage|p1a: Pelipper|0 fnt\n|-damage|p1b: Annihilape|0 fnt\n|faint|p1a: Pelipper\n|faint|p1b: Annihilape\n|-damage|p2a: Hatterene|81/100|[from] item: Life Orb\n|\n|win|greenknightsixVGC\n|raw|Semiau's rating: 1419 &rarr; <strong>1392</strong><br />(-27 for losing)\n|raw|greenknightsixVGC's rating: 1296 &rarr; <strong>1329</strong><br />(+33 for winning)\n|l|\u2606Semiau\n|player|p1|\n|c|\u2606greenknightsixVGC|gg\n|l|\u2606greenknightsixVGC\n|player|p2|\n",
  "uploadtime": 1735751382,
  "views": 348,
  "formatid": "gen9vgc2024regh",
  "rating": 1329,
  "private": 0,
  "password": null
}