{
  "id": "gen9vgc2024regh-2273117839",
  "format": "[Gen 9] VGC 2024 Reg H",
  "players": [
    "Tunio",
    "fjll233"
  ],
  "log": "|j|\u2606Tunio\n|j|\u2606fjll233\n|t:|1735734252\n|gametype|doubles\n|player|p1|Tunio|veteran|1375\n|player|p2|fjll233|biker|1385\n|teamsize|p1|6\n|teamsize|p2|6\n|gen|9\n|tier|[Gen 9] VGC 2024 Reg H\n|rated|\n|rule|Species Clause: Limit one of each Pok\u00e9mon\n|rule|Item Clause: Limit 1 of each item\n|clearpoke\n|poke|p1|Infernape, L50, M|\n|poke|p1|Garchomp, L50, M|\n|poke|p1|Abomasnow, L50, F|\n|poke|p1|Gallade, L50, M|\n|poke|p1|Rotom-Wash, L50|\n|poke|p1|Spiritomb, L50, M|\n|poke|p2|Kilowattrel, L50, M|\n|poke|p2|Raichu, L50, M|\n|poke|p2|Indeedee, L50, M|\n|poke|p2|Dragonite, L50, F|\n|poke|p2|Garchomp, L50, F|\n|poke|p2|Whimsicott, L50, F|\n|teampreview|4\n|inactive|Battle timer is ON: inactive players will automatically lose when time's up. (requested by fjll233)\n|inactive|fjll233 has 60 seconds left.\n|\n|t:|1735734311\n|start\n|switch|p1a: Garchomp|Garchomp, L50, M|100/100\n|switch|p1b: Infernape|Infernape, L50, M|100/100\n|switch|p2a: Dragonite|Dragonite, L50, F|100/100\n|switch|p2b: Indeedee|Indeedee, L50, M|100/100\n|-fieldstart|move: Psychic Terrain|[from] ability: Psychic Surge|[of] p2b: Indeedee\n|turn|1\n|\n|t:|1735734333\n|move|p1b: Infernape|Flamethrower|p2b: Indeedee\n|-damage|p2b: Indeedee|42/100\n|move|p2b: Indeedee|Expanding Force|p1b: Infernape|[spread] p1a,p1b\n|-supereffective|p1b: Infernape\n|-damage|p1a: Garchomp|46/100\n|-enditem|p1b: Infernape|Focus Sash\n|-damage|p1b: Infernape|1/100\n|move|p1a: Garchomp|Dragon Claw|p2a: Dragonite\n|-supereffective|p2a: Dragonite\n|-damage|p2a: Dragonite|0 fnt\n|faint|p2a: Dragonite\n|\n|upkeep\n|\n|t:|1735734345\n|switch|p2a: Whimsicott|Whimsicott, L50, F|100/100\n|turn|2\n|\n|t:|1735734353\n|-terastallize|p1a: Garchomp|Steel\n|move|p1b: Infernape|Protect|p1b: Infernape\n|-singleturn|p1b: Infernape|Protect\n|move|p2a: Whimsicott|Tailwind|p2a: Whimsicott\n|-sidestart|p2: fjll233|move: Tailwind\n|move|p2b: Indeedee|Expanding Force|p1a: Garchomp|[spread] p1a\n|-activate|p1b: Infernape|move: Protect\n|-resisted|p1a: Garchomp\n|-damage|p1a: Garchomp|19/100\n|move|p1a: Garchomp|Iron Head|p2b: Indeedee\n|-damage|p2b: Indeedee|0 fnt\n|faint|p2b: Indeedee\n|\n|upkeep\n|\n|t:|1735734365\n|switch|p2b: Garchomp|Garchomp, L50, F|100/100\n|turn|3\n|\n|t:|1735734371\n|move|p2a: Whimsicott|Protect|p2a: Whimsicott\n|-singleturn|p2a: Whimsicott|Protect\n|move|p2b: Garchomp|Earthquake|p1b: Infernape|[spread] p1a,p1b\n|-activate|p2a: Whimsicott|move: Protect\n|-supereffective|p1a: Garchomp\n|-supereffective|p1b: Infernape\n|-damage|p1a: Garchomp|0 fnt\n|-damage|p1b: Infernape|0 fnt\n|faint|p1a: Garchomp\n|faint|p1b: Infernape\n|-damage|p2b: Garchomp|91/100|[from] item: Life Orb\n|\n|upkeep\n|\n|t:|1735734375\n|switch|p1b: Abomasnow|Abomasnow, L50, F|100/100\n|switch|p1a: Spiritomb|Spiritomb, L50, M|100/100\n|-weather|Snow|[from] ability: Snow Warning|[of] p1b: Abomasnow\n|turn|4\n|inactive|fjll233 has 30 seconds left.\n|\n|t:|1735734403\n|-terastallize|p2b: Garchomp|Ground\n|move|p2a: Whimsicott|Moonblast|p1b: Abomasnow\n|-damage|p1b: Abomasnow|65/100\n|move|p2b: Garchomp|Earthquake|p1a: Spiritomb|[spread] p2a,p1a,p1b\n|-resisted|p2a: Whimsicott\n|-resisted|p1b: Abomasnow\n|-damage|p2a: Whimsicott|50/100\n|-damage|p1a: Spiritomb|31/100\n|-damage|p1b: Abomasnow|39/100\n|-enditem|p1a: Spiritomb|Sitrus Berry|[eat]\n|-heal|p1a: Spiritomb|55/100|[from] item: Sitrus Berry\n|-damage|p2b: Garchomp|81/100|[from] item: Life Orb\n|move|p1b: Abomasnow|Aurora Veil|p1b: Abomasnow\n|-sidestart|p1: Tunio|move: Aurora Veil\n|move|p1a: Spiritomb|Pain Split|p2b: Garchomp\n|-sethp|p2b: Garchomp|59/100|[from] move: Pain Split|[silent]\n|-sethp|p1a: Spiritomb|86/100|[from] move: Pain Split\n|\n|-weather|Snow|[upkeep]\n|upkeep\n|turn|5\n|inactive|Tunio has 30 seconds left.\n|inactive|fjll233 has 30 seconds left.\n|\n|t:|1735734435\n|move|p2a: Whimsicott|Encore|p1b: Abomasnow\n|-activate|p1b: Abomasnow|move: Psychic Terrain\n|move|p2b: Garchomp|Dragon Claw|p1b: Abomasnow\n|-damage|p1b: Abomasnow|12/100\n|-damage|p2b: Garchomp|49/100|[from] item: Life Orb\n|move|p1b: Abomasnow|Blizzard|p2b: Garchomp|[spread] p2a,p2b\n|-supereffective|p2a: Whimsicott\n|-supereffective|p2b: Garchomp\n|-damage|p2a: Whimsicott|0 fnt\n|-damage|p2b: Garchomp|0 fnt\n|faint|p2a: Whimsicott\n|faint|p2b: Garchomp\n|\n|win|Tunio\n|raw|Tunio's rating: 1375 &rarr; <strong>1396</strong><br />(+21 for winning)\n|raw|fjll233's rating: 1385 &rarr; <strong>1364</strong><br />(-21 for losing)\n|c|\u2606Tunio|Gg\n|l|\u2606fjll233\n|player|p2|\n|l|\u2606Tunio\n|player|p1|\n",
  "uploadtime": 1735734755,
  "views": 26,
  "formatid": "gen9vgc2024regh",
  "rating": 1364,
  "private": 0,
  "password": null
}