{
  "id": "gen9vgc2024regh-2273118328",
  "format": "[Gen 9] VGC 2024 Reg H",
  "players": [
    "yamede\u86c7\u5982",
    "Nicnacks187"
  ],
  "log": "|j|\u2606yamede\u86c7\u5982\n|j|\u2606Nicnacks187\n|t:|1735734361\n|gametype|doubles\n|player|p1|yamede\u86c7\u5982|2|1297\n|player|p2|Nicnacks187|brock|1252\n|teamsize|p1|6\n|teamsize|p2|6\n|gen|9\n|tier|[Gen 9] VGC 2024 Reg H\n|rated|\n|rule|Species Clause: Limit one of each Pok\u00e9mon\n|rule|Item Clause: Limit 1 of each item\n|clearpoke\n|poke|p1|Serperior, L50, F|\n|poke|p1|Ceruledge, L50, F|\n|poke|p1|Grimmsnarl, L50, M|\n|poke|p1|Sinistcha-Masterpiece, L50|\n|poke|p1|Talonflame, L50, F|\n|poke|p1|Rillaboom, L50, M|\n|poke|p2|Porygon2, L50|\n|poke|p2|Gholdengo, L50|\n|poke|p2|Ursaluna, L50, M|\n|poke|p2|Incineroar, L50, F|\n|poke|p2|Amoonguss, L50, M|\n|poke|p2|Sneasler, L50, F|\n|teampreview|4\n|inactive|Battle timer is ON: inactive players will automatically lose when time's up. (requested by Nicnacks187)\n|\n|t:|1735734398\n|start\n|switch|p1a: Ceruledge|Ceruledge, L50, F, shiny|100/100\n|switch|p1b: Talonflame|Talonflame, L50, F|100/100\n|switch|p2a: Incineroar|Incineroar, L50, F|100/100\n|switch|p2b: Porygon2|Porygon2, L50|100/100\n|-ability|p2b: Porygon2|Download|boost\n|-boost|p2b: Porygon2|atk|1\n|-ability|p2a: Incineroar|Intimidate|boost\n|-unboost|p1a: Ceruledge|atk|1\n|-unboost|p1b: Talonflame|atk|1\n|turn|1\n|inactive|Nicnacks187 has 30 seconds left.\n|\n|t:|1735734426\n|move|p1b: Talonflame|Taunt|p2b: Porygon2\n|-start|p2b: Porygon2|move: Taunt\n|move|p1a: Ceruledge|Bulk Up|p1a: Ceruledge\n|-boost|p1a: Ceruledge|atk|1\n|-boost|p1a: Ceruledge|def|1\n|move|p2b: Porygon2|Ice Beam|p1b: Talonflame\n|-damage|p1b: Talonflame|61/100\n|move|p2a: Incineroar|Knock Off|p1a: Ceruledge\n|-supereffective|p1a: Ceruledge\n|-damage|p1a: Ceruledge|43/100\n|-enditem|p1a: Ceruledge|Weakness Policy\n|-boost|p1a: Ceruledge|atk|2|[from] item: Weakness Policy\n|-boost|p1a: Ceruledge|spa|2|[from] item: Weakness Policy\n|\n|upkeep\n|turn|2\n|inactive|yamede\u86c7\u5982 has 30 seconds left.\n|inactive|Nicnacks187 has 30 seconds left.\n|inactive|yamede\u86c7\u5982 has 20 seconds left.\n|inactive|yamede\u86c7\u5982 has 15 seconds left.\n|inactive|yamede\u86c7\u5982 has 10 seconds left.\n|inactive|yamede\u86c7\u5982 has 5 seconds left.\n|\n|t:|1735734479\n|move|p1b: Talonflame|Taunt|p2a: Incineroar\n|-start|p2a: Incineroar|move: Taunt\n|move|p1a: Ceruledge|Bitter Blade|p2b: Porygon2\n|-damage|p2b: Porygon2|55/100\n|-heal|p1a: Ceruledge|68/100|[from] drain|[of] p2b: Porygon2\n|move|p2b: Porygon2|Ice Beam|p1a: Ceruledge\n|-resisted|p1a: Ceruledge\n|-damage|p1a: Ceruledge|59/100\n|move|p2a: Incineroar|Knock Off|p1a: Ceruledge\n|-supereffective|p1a: Ceruledge\n|-damage|p1a: Ceruledge|22/100\n|\n|upkeep\n|turn|3\n|inactive|yamede\u86c7\u5982 has 30 seconds left.\n|inactive|yamede\u86c7\u5982 has 20 seconds left.\n|inactive|yamede\u86c7\u5982 has 15 seconds left.\n|inactive|yamede\u86c7\u5982 has 10 seconds left.\n|\n|t:|1735734528\n|-terastallize|p1a: Ceruledge|Grass\n|-terastallize|p2b: Porygon2|Fighting\n|move|p1b: Talonflame|Brave Bird|p2b: Porygon2\n|-supereffective|p2b: Porygon2\n|-damage|p2b: Porygon2|18/100\n|-damage|p1b: Talonflame|46/100|[from] Recoil\n|move|p1a: Ceruledge|Bitter Blade|p2b: Porygon2\n|-damage|p2b: Porygon2|0 fnt\n|-heal|p1a: Ceruledge|32/100|[from] drain|[of] p2b: Porygon2\n|faint|p2b: Porygon2\n|move|p2a: Incineroar|Knock Off|p1a: Ceruledge\n|-damage|p1a: Ceruledge|15/100\n|\n|upkeep\n|\n|t:|1735734542\n|switch|p2b: Ursaluna|Ursaluna, L50, M|100/100\n|turn|4\n|\n|t:|1735734564\n|switch|p1b: Sinistcha|Sinistcha-Masterpiece, L50|100/100\n|-heal|p1a: Ceruledge|40/100|[from] ability: Hospitality|[of] p1b: Sinistcha\n|move|p2b: Ursaluna|Protect|p2b: Ursaluna\n|-singleturn|p2b: Ursaluna|Protect\n|move|p1a: Ceruledge|Bitter Blade|p2a: Incineroar\n|-resisted|p2a: Incineroar\n|-damage|p2a: Incineroar|70/100\n|-heal|p1a: Ceruledge|57/100|[from] drain|[of] p2a: Incineroar\n|move|p2a: Incineroar|Flare Blitz|p1a: Ceruledge\n|-start|p1a: Ceruledge|ability: Flash Fire\n|\n|-end|p2a: Incineroar|move: Taunt\n|-status|p2b: Ursaluna|brn|[from] item: Flame Orb\n|upkeep\n|turn|5\n|inactive|yamede\u86c7\u5982 has 30 seconds left.\n|inactive|Nicnacks187 has 30 seconds left.\n|\n|t:|1735734594\n|move|p1a: Ceruledge|Bitter Blade|p2b: Ursaluna\n|-damage|p2b: Ursaluna|17/100 brn\n|-heal|p1a: Ceruledge|100/100|[from] drain|[of] p2b: Ursaluna\n|move|p1b: Sinistcha|Matcha Gotcha|p2b: Ursaluna|[spread] p2a,p2b\n|-resisted|p2a: Incineroar\n|-supereffective|p2b: Ursaluna\n|-damage|p2a: Incineroar|60/100\n|-damage|p2b: Ursaluna|0 fnt\n|faint|p2b: Ursaluna\n|move|p2a: Incineroar|Flare Blitz|p1b: Sinistcha\n|-supereffective|p1b: Sinistcha\n|-damage|p1b: Sinistcha|26/100\n|-damage|p2a: Incineroar|38/100|[from] Recoil\n|\n|upkeep\n|\n|t:|1735734607\n|switch|p2b: Amoonguss|Amoonguss, L50, M|100/100\n|turn|6\n|\n|t:|1735734625\n|move|p1a: Ceruledge|Bitter Blade|p2a: Incineroar\n|-resisted|p2a: Incineroar\n|-damage|p2a: Incineroar|0 fnt\n|faint|p2a: Incineroar\n|move|p1b: Sinistcha|Psych Up|p1a: Ceruledge\n|-copyboost|p1b: Sinistcha|p1a: Ceruledge|[from] move: Psych Up\n|move|p2b: Amoonguss|Pollen Puff|p1a: Ceruledge\n|-supereffective|p1a: Ceruledge\n|-damage|p1a: Ceruledge|76/100\n|\n|upkeep\n|turn|7\n|\n|t:|1735734638\n|move|p1a: Ceruledge|Bulk Up|p1a: Ceruledge\n|-boost|p1a: Ceruledge|atk|1\n|-boost|p1a: Ceruledge|def|1\n|move|p1b: Sinistcha|Shadow Ball|p2b: Amoonguss\n|-damage|p2b: Amoonguss|43/100\n|-enditem|p2b: Amoonguss|Sitrus Berry|[eat]\n|-heal|p2b: Amoonguss|68/100|[from] item: Sitrus Berry\n|move|p2b: Amoonguss|Pollen Puff|p1a: Ceruledge\n|-supereffective|p1a: Ceruledge\n|-damage|p1a: Ceruledge|49/100\n|\n|upkeep\n|turn|8\n|\n|t:|1735734653\n|switch|p1b: Rillaboom|Rillaboom, L50, M|100/100\n|-fieldstart|move: Grassy Terrain|[from] ability: Grassy Surge|[of] p1b: Rillaboom\n|move|p1a: Ceruledge|Bitter Blade|p2b: Amoonguss\n|-supereffective|p2b: Amoonguss\n|-damage|p2b: Amoonguss|0 fnt\n|-heal|p1a: Ceruledge|90/100|[from] drain|[of] p2b: Amoonguss\n|faint|p2b: Amoonguss\n|\n|win|yamede\u86c7\u5982\n|raw|yamede\u86c7\u5982's rating: 1297 &rarr; <strong>1319</strong><br />(+22 for winning)\n|raw|Nicnacks187's rating: 1252 &rarr; <strong>1230</strong><br />(-22 for losing)\n|l|\u2606yamede\u86c7\u5982\n|player|p1|\n|l|\u2606Nicnacks187\n|player|p2|\n",
  "uploadtime": 1735735033,
  "views": 12,
  "formatid": "gen9vgc2024regh",
  "rating": 1230,
  "private": 0,
  "password": null
}