{
  "id": "gen9vgc2024regh-2273172092",
  "format": "[Gen 9] VGC 2024 Reg H",
  "players": [
    "Sacro661",
    "Yumi_1ly4"
  ],
  "log": "|j|\u2606Sacro661\n|j|\u2606Yumi_1ly4\n|t:|1735744696\n|gametype|doubles\n|player|p1|Sacro661|2|1150\n|player|p2|Yumi_1ly4|backersf|1051\n|teamsize|p1|6\n|teamsize|p2|6\n|gen|9\n|tier|[Gen 9] VGC 2024 Reg H\n|rated|\n|rule|Species Clause: Limit one of each Pok\u00e9mon\n|rule|Item Clause: Limit 1 of each item\n|clearpoke\n|poke|p1|Politoed, L50, M|\n|poke|p1|Gothitelle, L50, M|\n|poke|p1|Kingdra, L50, M|\n|poke|p1|Incineroar, L50, M|\n|poke|p1|Archaludon, L50, F|\n|poke|p1|Amoonguss, L50, M|\n|poke|p2|Conkeldurr, L50, F|\n|poke|p2|Bronzong, L50|\n|poke|p2|Rhyperior, L50, F|\n|poke|p2|Amoonguss, L50, M|\n|poke|p2|Perrserker, L50, F|\n|poke|p2|Zoroark-Hisui, L50, M|\n|teampreview|4\n|inactive|Battle timer is ON: inactive players will automatically lose when time's up. (requested by Yumi_1ly4)\n|inactive|Sacro661 has 60 seconds left.\n|inactive|Yumi_1ly4 has 60 seconds left.\nYumi_1ly4 has agreed to open team sheets.\n|\n|t:|1735744757\n|start\n|switch|p1a: Politoed|Politoed, L50, M|100/100\n|switch|p1b: Incineroar|Incineroar, L50, M|100/100\n|switch|p2a: Bronzong|Bronzong, L50|100/100\n|switch|p2b: Perrserker|Perrserker, L50, F|100/100\n|-weather|RainDance|[from] ability: Drizzle|[of] p1a: Politoed\n|-ability|p1b: Incineroar|Intimidate|boost\n|-unboost|p2a: Bronzong|atk|1\n|-fail|p2b: Perrserker|unboost|[from] item: Clear Amulet|[of] p2b: Perrserker\n|turn|1\n|inactive|Yumi_1ly4 has 30 seconds left.\n|inactive|Sacro661 has 30 seconds left.\n|inactive|Sacro661 has 20 seconds left.\n|\n|t:|1735744802\n|move|p2b: Perrserker|Fake Out|p1a: Politoed\n|-damage|p1a: Politoed|86/100\n|move|p2a: Bronzong|Hyper Voice|p1b: Incineroar|[spread] p1a,p1b\n|-damage|p1a: Politoed|61/100\n|-damage|p1b: Incineroar|77/100\n|cant|p1a: Politoed|flinch\n|move|p1b: Incineroar|Parting Shot|p2b: Perrserker\n|-fail|p2b: Perrserker|unboost|[from] item: Clear Amulet|[of] p2b: Perrserker\n|\n|-weather|RainDance|[upkeep]\n|-heal|p1a: Politoed|68/100|[from] item: Leftovers\n|upkeep\n|turn|2\n|inactive|Sacro661 has 30 seconds left.\n|\n|t:|1735744833\n|move|p1a: Politoed|Protect|p1a: Politoed\n|-singleturn|p1a: Politoed|Protect\n|move|p2a: Bronzong|Hyper Voice|p1b: Incineroar|[spread] p1b\n|-activate|p1a: Politoed|move: Protect\n|-damage|p1b: Incineroar|53/100\n|move|p1b: Incineroar|Knock Off|p2a: Bronzong\n|-supereffective|p2a: Bronzong\n|-damage|p2a: Bronzong|0 fnt\n|replace|p2a: Zoroark|Zoroark-Hisui, L50, M, shiny\n|-end|p2a: Zoroark|Illusion\n|-enditem|p2a: Zoroark|Eject Button|[from] move: Knock Off|[of] p1b: Incineroar\n|faint|p2a: Zoroark\n|move|p2b: Perrserker|Stealth Rock|p1a: Politoed\n|-sidestart|p1: Sacro661|move: Stealth Rock\n|\n|-weather|RainDance|[upkeep]\n|-heal|p1a: Politoed|74/100|[from] item: Leftovers\n|upkeep\n|\n|t:|1735744849\n|switch|p2a: Bronzong|Bronzong, L50|100/100\n|turn|3\n|inactive|Sacro661 has 30 seconds left.\n|inactive|Yumi_1ly4 has 30 seconds left.\n|inactive|Sacro661 has 20 seconds left.\n|inactive|Yumi_1ly4 has 20 seconds left.\n|\n|t:|1735744888\n|move|p1a: Politoed|Perish Song|p1a: Politoed\n|-start|p1a: Politoed|perish3|[silent]\n|-start|p1b: Incineroar|perish3|[silent]\n|-start|p2a: Bronzong|perish3|[silent]\n|-start|p2b: Perrserker|perish3|[silent]\n|-fieldactivate|move: Perish Song\n|move|p1b: Incineroar|Parting Shot|p2a: Bronzong\n|-unboost|p2a: Bronzong|atk|1\n|-unboost|p2a: Bronzong|spa|1\n|\n|t:|1735744894\n|switch|p1b: Gothitelle|Gothitelle, L50, M|100/100|[from] Parting Shot\n|-damage|p1b: Gothitelle|88/100|[from] Stealth Rock\n|move|p2b: Perrserker|U-turn|p1a: Politoed\n|-crit|p1a: Politoed\n|-damage|p1a: Politoed|36/100\n|\n|t:|1735744901\n|switch|p2b: Conkeldurr|Conkeldurr, L50, F, shiny|100/100|[from] U-turn\n|move|p2a: Bronzong|Trick Room|p2a: Bronzong\n|-fieldstart|move: Trick Room|[of] p2a: Bronzong\n|\n|-weather|RainDance|[upkeep]\n|-heal|p1a: Politoed|42/100|[from] item: Leftovers\n|-start|p2a: Bronzong|perish3\n|-start|p1a: Politoed|perish3\n|-status|p2b: Conkeldurr|brn|[from] item: Flame Orb\n|upkeep\n|turn|4\n|inactive|Yumi_1ly4 has 30 seconds left.\n|inactive|Yumi_1ly4 has 20 seconds left.\n|inactive|Yumi_1ly4 has 15 seconds left.\n|inactive|Yumi_1ly4 has 10 seconds left.\n|\n|t:|1735744948\n|move|p1b: Gothitelle|Fake Out|p2b: Conkeldurr\n|-damage|p2b: Conkeldurr|95/100 brn\n|move|p2a: Bronzong|Iron Head|p1b: Gothitelle\n|-damage|p1b: Gothitelle|74/100\n|cant|p2b: Conkeldurr|flinch\n|move|p1a: Politoed|Perish Song|p1a: Politoed\n|-start|p1b: Gothitelle|perish3|[silent]\n|-start|p2b: Conkeldurr|perish3|[silent]\n|-fieldactivate|move: Perish Song\n|\n|-weather|RainDance|[upkeep]\n|-heal|p1a: Politoed|48/100|[from] item: Leftovers\n|-damage|p2b: Conkeldurr|89/100 brn|[from] brn\n|-start|p2a: Bronzong|perish2\n|-start|p2b: Conkeldurr|perish3\n|-start|p1b: Gothitelle|perish3\n|-start|p1a: Politoed|perish2\n|upkeep\n|turn|5\n|inactive|Sacro661 has 30 seconds left.\n|inactive|Yumi_1ly4 has 30 seconds left.\n|\n|t:|1735744980\n|move|p1b: Gothitelle|Protect|p1b: Gothitelle\n|-singleturn|p1b: Gothitelle|Protect\n|move|p1a: Politoed|Protect|p1a: Politoed\n|-singleturn|p1a: Politoed|Protect\n|move|p2a: Bronzong|Iron Head|p1b: Gothitelle\n|-activate|p1b: Gothitelle|move: Protect\n|move|p2b: Conkeldurr|Thunder Punch|p1a: Politoed\n|-activate|p1a: Politoed|move: Protect\n|\n|-weather|none\n|-heal|p1a: Politoed|54/100|[from] item: Leftovers\n|-damage|p2b: Conkeldurr|83/100 brn|[from] brn\n|-start|p2a: Bronzong|perish1\n|-start|p2b: Conkeldurr|perish2\n|-start|p1b: Gothitelle|perish2\n|-start|p1a: Politoed|perish1\n|upkeep\n|turn|6\n|inactive|Sacro661 has 30 seconds left.\n|inactive|Yumi_1ly4 has 30 seconds left.\n|\n|t:|1735745010\n|switch|p1b: Archaludon|Archaludon, L50, F|100/100\n|-damage|p1b: Archaludon|94/100|[from] Stealth Rock\n|switch|p1a: Incineroar|Incineroar, L50, M|53/100\n|-damage|p1a: Incineroar|29/100|[from] Stealth Rock\n|-ability|p1a: Incineroar|Intimidate|boost\n|-unboost|p2a: Bronzong|atk|1\n|-unboost|p2b: Conkeldurr|atk|1\n|move|p2a: Bronzong|Iron Head|p1b: Archaludon\n|-resisted|p1b: Archaludon\n|-damage|p1b: Archaludon|89/100\n|move|p2b: Conkeldurr|Thunder Punch|p1a: Incineroar\n|-damage|p1a: Incineroar|0 fnt\n|faint|p1a: Incineroar\n|\n|-damage|p2b: Conkeldurr|77/100 brn|[from] brn\n|-start|p2a: Bronzong|perish0\n|-start|p2b: Conkeldurr|perish1\n|faint|p2a: Bronzong\n|upkeep\n|\n|t:|1735745030\n|switch|p2a: Perrserker|Perrserker, L50, F|100/100\n|switch|p1a: Politoed|Politoed, L50, M|54/100\n|-damage|p1a: Politoed|42/100|[from] Stealth Rock\n|-weather|RainDance|[from] ability: Drizzle|[of] p1a: Politoed\n|turn|7\n|inactive|Yumi_1ly4 has 30 seconds left.\n|\n|t:|1735745062\n|-terastallize|p1b: Archaludon|Electric\n|move|p1a: Politoed|Protect|p1a: Politoed\n|-singleturn|p1a: Politoed|Protect\n|move|p2a: Perrserker|Fake Out|p1b: Archaludon\n|-damage|p1b: Archaludon|73/100\n|move|p2b: Conkeldurr|Ice Punch|p1b: Archaludon\n|-damage|p1b: Archaludon|49/100\n|cant|p1b: Archaludon|flinch\n|\n|-weather|RainDance|[upkeep]\n|-heal|p1a: Politoed|48/100|[from] item: Leftovers\n|-damage|p2b: Conkeldurr|71/100 brn|[from] brn\n|-start|p2b: Conkeldurr|perish0\n|-fieldend|move: Trick Room\n|faint|p2b: Conkeldurr\n|upkeep\n|turn|8\n|inactive|Sacro661 has 30 seconds left.\n|\n|t:|1735745088\n|move|p1b: Archaludon|Electro Shot||[still]\n|-prepare|p1b: Archaludon|Electro Shot\n|-boost|p1b: Archaludon|spa|1\n|-anim|p1b: Archaludon|Electro Shot|p2a: Perrserker\n|-damage|p2a: Perrserker|0 fnt\n|faint|p2a: Perrserker\n|\n|win|Sacro661\n|raw|Sacro661's rating: 1150 &rarr; <strong>1168</strong><br />(+18 for winning)\n|raw|Yumi_1ly4's rating: 1051 &rarr; <strong>1038</strong><br />(-13 for losing)\n|c|\u2606Yumi_1ly4|ggs\n|l|\u2606Yumi_1ly4\n|player|p2|\n|l|\u2606Sacro661\n|player|p1|\n",
  "uploadtime": 1735745427,
  "views": 147,
  "formatid": "gen9vgc2024regh",
  "rating": 1038,
  "private": 0,
  "password": null
}