{
  "id": "gen9vgc2024regh-2273117504",
  "format": "[Gen 9] VGC 2024 Reg H",
  "players": [
    "pog poggersen",
    "SopaDeFideooooo"
  ],
  "log": "|j|\u2606pog poggersen\n|j|\u2606SopaDeFideooooo\n|t:|1735734179\n|gametype|doubles\n|player|p1|pog poggersen|ltsurge|1293\n|player|p2|SopaDeFideooooo|dawn-gen4pt|1347\n|teamsize|p1|6\n|teamsize|p2|6\n|gen|9\n|tier|[Gen 9] VGC 2024 Reg H\n|rated|\n|rule|Species Clause: Limit one of each Pok\u00e9mon\n|rule|Item Clause: Limit 1 of each item\n|clearpoke\n|poke|p1|Dondozo, L50, F|\n|poke|p1|Tatsugiri, L50, F|\n|poke|p1|Raichu, L50, F|\n|poke|p1|Sinistcha, L50|\n|poke|p1|Salazzle, L50, F|\n|poke|p1|Kommo-o, L50, F|\n|poke|p2|Dragonite, L50, F|\n|poke|p2|Sneasler, L50, F|\n|poke|p2|Rillaboom, L50, F|\n|poke|p2|Kingambit, L50, F|\n|poke|p2|Gholdengo, L50|\n|poke|p2|Magmar, L50, F|\n|teampreview|4\n|inactive|Battle timer is ON: inactive players will automatically lose when time's up. (requested by SopaDeFideooooo)\n|inactive|pog poggersen also wants the timer to be on.\n|inactive|SopaDeFideooooo has 60 seconds left.\n|\n|t:|1735734210\n|start\n|switch|p1a: Salazzle|Salazzle, L50, F|100/100\n|switch|p1b: Raichu|Raichu, L50, F|100/100\n|switch|p2a: Kingambit|Kingambit, L50, F, shiny|100/100\n|switch|p2b: Magmar|Magmar, L50, F, shiny|100/100\n|turn|1\n|\n|t:|1735734223\n|move|p2b: Magmar|Follow Me|p2b: Magmar\n|-singleturn|p2b: Magmar|move: Follow Me\n|move|p1a: Salazzle|Poison Gas|p2a: Kingambit|[spread] p2a,p2b\n|-status|p2a: Kingambit|psn\n|-status|p2b: Magmar|psn\n|move|p1b: Raichu|Volt Switch|p2b: Magmar\n|-damage|p2b: Magmar|81/100 psn\n|\n|t:|1735734231\n|switch|p1b: Kommo-o|Kommo-o, L50, F|100/100|[from] Volt Switch\n|move|p2a: Kingambit|Swords Dance|p2a: Kingambit\n|-boost|p2a: Kingambit|atk|2\n|\n|-damage|p2b: Magmar|69/100 psn|[from] psn\n|-damage|p2a: Kingambit|88/100 psn|[from] psn\n|upkeep\n|turn|2\n|\n|t:|1735734246\n|move|p2b: Magmar|Follow Me|p2b: Magmar\n|-singleturn|p2b: Magmar|move: Follow Me\n|move|p1a: Salazzle|Taunt|p2b: Magmar\n|-start|p2b: Magmar|move: Taunt\n|move|p1b: Kommo-o|Clangorous Soul|p1b: Kommo-o\n|-boost|p1b: Kommo-o|atk|1\n|-boost|p1b: Kommo-o|def|1\n|-boost|p1b: Kommo-o|spa|1\n|-boost|p1b: Kommo-o|spd|1\n|-boost|p1b: Kommo-o|spe|1\n|-damage|p1b: Kommo-o|68/100\n|-enditem|p1b: Kommo-o|Throat Spray\n|-boost|p1b: Kommo-o|spa|1|[from] item: Throat Spray\n|move|p2a: Kingambit|Kowtow Cleave|p1a: Salazzle\n|-crit|p1a: Salazzle\n|-damage|p1a: Salazzle|0 fnt\n|faint|p1a: Salazzle\n|\n|-damage|p2b: Magmar|57/100 psn|[from] psn\n|-damage|p2a: Kingambit|76/100 psn|[from] psn\n|upkeep\n|\n|t:|1735734259\n|switch|p1a: Sinistcha|Sinistcha, L50|100/100\n|-heal|p1b: Kommo-o|93/100|[from] ability: Hospitality|[of] p1a: Sinistcha\n|turn|3\n|inactive|SopaDeFideooooo has 30 seconds left.\n|inactive|pog poggersen has 30 seconds left.\n|\n|t:|1735734299\n|switch|p1a: Raichu|Raichu, L50, F|100/100\n|move|p1b: Kommo-o|Clangorous Soul|p1b: Kommo-o\n|-boost|p1b: Kommo-o|atk|1\n|-boost|p1b: Kommo-o|def|1\n|-boost|p1b: Kommo-o|spa|1\n|-boost|p1b: Kommo-o|spd|1\n|-boost|p1b: Kommo-o|spe|1\n|-damage|p1b: Kommo-o|60/100\n|move|p2b: Magmar|Overheat|p1a: Raichu|[miss]\n|-miss|p2b: Magmar|p1a: Raichu\n|move|p2a: Kingambit|Kowtow Cleave|p1b: Kommo-o\n|-resisted|p1b: Kommo-o\n|-damage|p1b: Kommo-o|30/100\n|\n|-damage|p2b: Magmar|45/100 psn|[from] psn\n|-damage|p2a: Kingambit|64/100 psn|[from] psn\n|upkeep\n|turn|4\n|inactive|pog poggersen has 30 seconds left.\n|inactive|SopaDeFideooooo has 30 seconds left.\n|\n|t:|1735734325\n|switch|p1a: Sinistcha|Sinistcha, L50|100/100\n|-heal|p1b: Kommo-o|55/100|[from] ability: Hospitality|[of] p1a: Sinistcha\n|move|p1b: Kommo-o|Clanging Scales|p2a: Kingambit|[spread] p2a,p2b\n|-resisted|p2a: Kingambit\n|-damage|p2a: Kingambit|17/100 psn\n|-damage|p2b: Magmar|0 fnt\n|faint|p2b: Magmar\n|-unboost|p1b: Kommo-o|def|1\n|move|p2a: Kingambit|Kowtow Cleave|p1b: Kommo-o\n|-resisted|p1b: Kommo-o\n|-damage|p1b: Kommo-o|16/100\n|\n|-damage|p2a: Kingambit|5/100 psn|[from] psn\n|upkeep\n|inactive|SopaDeFideooooo has 30 seconds left.\n|\n|t:|1735734351\n|switch|p2b: Dragonite|Dragonite, L50, F|100/100\n|turn|5\n|\n|t:|1735734374\n|move|p1b: Kommo-o|Protect|p1b: Kommo-o\n|-singleturn|p1b: Kommo-o|Protect\n|move|p2b: Dragonite|Protect|p2b: Dragonite\n|-singleturn|p2b: Dragonite|Protect\n|move|p2a: Kingambit|Sucker Punch||[still]\n|-fail|p2a: Kingambit\n|move|p1a: Sinistcha|Life Dew||[still]|[spread] p1a,p1b\n|-fail|p1a: Sinistcha|heal\n|-heal|p1b: Kommo-o|41/100\n|\n|-damage|p2a: Kingambit|0 fnt|[from] psn\n|faint|p2a: Kingambit\n|upkeep\n|\n|t:|1735734388\n|switch|p2a: Gholdengo|Gholdengo, L50|100/100\n|turn|6\n|\n|t:|1735734394\n|-terastallize|p1b: Kommo-o|Steel\n|-terastallize|p2a: Gholdengo|Steel\n|move|p1a: Sinistcha|Rage Powder|p1a: Sinistcha\n|-singleturn|p1a: Sinistcha|move: Rage Powder\n|move|p1b: Kommo-o|Clanging Scales|p2b: Dragonite|[spread] p2a,p2b\n|-resisted|p2a: Gholdengo\n|-supereffective|p2b: Dragonite\n|-damage|p2a: Gholdengo|52/100\n|-damage|p2b: Dragonite|11/100\n|-unboost|p1b: Kommo-o|def|1\n|move|p2a: Gholdengo|Make It Rain|p1a: Sinistcha|[spread] p1a,p1b\n|-resisted|p1b: Kommo-o\n|-damage|p1a: Sinistcha|0 fnt\n|-damage|p1b: Kommo-o|12/100\n|-unboost|p2a: Gholdengo|spa|1\n|faint|p1a: Sinistcha\n|move|p2b: Dragonite|Haze|p2b: Dragonite\n|-clearallboost\n|\n|upkeep\n|\n|t:|1735734409\n|switch|p1a: Raichu|Raichu, L50, F|100/100\n|turn|7\n|\n|t:|1735734423\n|move|p1b: Kommo-o|Protect|p1b: Kommo-o\n|-singleturn|p1b: Kommo-o|Protect\n|move|p1a: Raichu|Electroweb|p2b: Dragonite|[spread] p2a,p2b\n|-damage|p2a: Gholdengo|36/100\n|-damage|p2b: Dragonite|0 fnt\n|-unboost|p2a: Gholdengo|spe|1\n|faint|p2b: Dragonite\n|move|p2a: Gholdengo|Make It Rain|p1a: Raichu|[spread] p1a\n|-activate|p1b: Kommo-o|move: Protect\n|-resisted|p1a: Raichu\n|-damage|p1a: Raichu|57/100\n|-unboost|p2a: Gholdengo|spa|1\n|\n|upkeep\n|turn|8\n|\n|t:|1735734440\n|move|p1a: Raichu|Volt Switch|p2a: Gholdengo\n|-damage|p2a: Gholdengo|8/100\n|move|p1b: Kommo-o|Clanging Scales|p2a: Gholdengo\n|-resisted|p2a: Gholdengo\n|-damage|p2a: Gholdengo|0 fnt\n|faint|p2a: Gholdengo\n|\n|win|pog poggersen\n|raw|pog poggersen's rating: 1293 &rarr; <strong>1322</strong><br />(+29 for winning)\n|raw|SopaDeFideooooo's rating: 1347 &rarr; <strong>1324</strong><br />(-23 for losing)\n|l|\u2606pog poggersen\n|player|p1|\n|l|\u2606SopaDeFideooooo\n|player|p2|\n",
  "uploadtime": 1735734755,
  "views": 35,
  "formatid": "gen9vgc2024regh",
  "rating": 1322,
  "private": 0,
  "password": null
}