{
  "id": "gen9vgc2024regh-2273137246",
  "format": "[Gen 9] VGC 2024 Reg H",
  "players": [
    "TheStrongestBlade1",
    "foysalkhan"
  ],
  "log": "|j|\u2606TheStrongestBlade1\n|j|\u2606foysalkhan\n|t:|1735738429\n|gametype|doubles\n|player|p1|TheStrongestBlade1|li|1234\n|player|p2|foysalkhan|169|1318\n|teamsize|p1|6\n|teamsize|p2|6\n|gen|9\n|tier|[Gen 9] VGC 2024 Reg H\n|rated|\n|rule|Species Clause: Limit one of each Pok\u00e9mon\n|rule|Item Clause: Limit 1 of each item\n|clearpoke\n|poke|p1|Exeggutor-Alola, L50, M|\n|poke|p1|Indeedee-F, L50, F|\n|poke|p1|Hydrapple, L50, M|\n|poke|p1|Incineroar, L50, F|\n|poke|p1|Kingambit, L50, F|\n|poke|p1|Torkoal, L50, F|\n|poke|p2|Sneasler, L50, F|\n|poke|p2|Politoed, L50, F|\n|poke|p2|Incineroar, L50, F|\n|poke|p2|Kingdra, L50, M|\n|poke|p2|Archaludon, L50, M|\n|poke|p2|Amoonguss, L50, F|\n|teampreview|4\n|inactive|Battle timer is ON: inactive players will automatically lose when time's up. (requested by foysalkhan)\n|\n|t:|1735738449\n|start\n|switch|p1a: Exeggutor|Exeggutor-Alola, L50, M|100/100\n|switch|p1b: Indeedee|Indeedee-F, L50, F|100/100\n|switch|p2a: Sneasler|Sneasler, L50, F|100/100\n|switch|p2b: Archaludon|Archaludon, L50, M|100/100\n|-fieldstart|move: Psychic Terrain|[from] ability: Psychic Surge|[of] p1b: Indeedee\n|-enditem|p1b: Indeedee|Psychic Seed\n|-boost|p1b: Indeedee|spd|1|[from] item: Psychic Seed\n|turn|1\n|inactive|foysalkhan has 30 seconds left.\n|\n|t:|1735738478\n|-terastallize|p2a: Sneasler|Dark\n|move|p1b: Indeedee|Follow Me|p1b: Indeedee\n|-singleturn|p1b: Indeedee|move: Follow Me\n|move|p2a: Sneasler|Throat Chop|p1b: Indeedee\n|-supereffective|p1b: Indeedee\n|-damage|p1b: Indeedee|21/100\n|-start|p1b: Indeedee|Throat Chop|[silent]\n|move|p2b: Archaludon|Electro Shot||[still]\n|-prepare|p2b: Archaludon|Electro Shot\n|-boost|p2b: Archaludon|spa|1\n|-enditem|p2b: Archaludon|Power Herb\n|-anim|p2b: Archaludon|Electro Shot|p1b: Indeedee\n|-damage|p1b: Indeedee|0 fnt\n|faint|p1b: Indeedee\n|move|p1a: Exeggutor|Trick Room|p1a: Exeggutor\n|-fieldstart|move: Trick Room|[of] p1a: Exeggutor\n|\n|upkeep\n|\n|t:|1735738493\n|switch|p1b: Torkoal|Torkoal, L50, F|100/100\n|-weather|SunnyDay|[from] ability: Drought|[of] p1b: Torkoal\n|turn|2\n|\n|t:|1735738506\n|switch|p2a: Politoed|Politoed, L50, F|100/100\n|-weather|RainDance|[from] ability: Drizzle|[of] p2a: Politoed\n|-terastallize|p1b: Torkoal|Fire\n|move|p1b: Torkoal|Eruption|p2a: Politoed|[spread] p2a,p2b\n|-resisted|p2a: Politoed\n|-damage|p2a: Politoed|85/100\n|-damage|p2b: Archaludon|41/100\n|move|p1a: Exeggutor|Gravity|p1a: Exeggutor\n|-fieldstart|move: Gravity\n|move|p2b: Archaludon|Electro Shot||[still]\n|-prepare|p2b: Archaludon|Electro Shot\n|-boost|p2b: Archaludon|spa|1\n|-anim|p2b: Archaludon|Electro Shot|p1b: Torkoal\n|-damage|p1b: Torkoal|0 fnt\n|faint|p1b: Torkoal\n|\n|-weather|RainDance|[upkeep]\n|-heal|p2a: Politoed|91/100|[from] item: Leftovers\n|upkeep\n|\n|t:|1735738510\n|switch|p1b: Hydrapple|Hydrapple, L50, M|100/100\n|-ability|p1b: Hydrapple|Supersweet Syrup\n|-unboost|p2a: Politoed|evasion|1\n|-unboost|p2b: Archaludon|evasion|1\n|turn|3\n|\n|t:|1735738525\n|move|p2b: Archaludon|Protect|p2b: Archaludon\n|-singleturn|p2b: Archaludon|Protect\n|move|p1a: Exeggutor|Hypnosis|p2a: Politoed\n|-status|p2a: Politoed|slp|[from] move: Hypnosis\n|move|p1b: Hydrapple|Earth Power|p2b: Archaludon\n|-activate|p2b: Archaludon|move: Protect\n|cant|p2a: Politoed|slp\n|\n|-weather|RainDance|[upkeep]\n|-heal|p2a: Politoed|97/100 slp|[from] item: Leftovers\n|upkeep\n|turn|4\n|\n|t:|1735738541\n|switch|p2b: Kingdra|Kingdra, L50, M|100/100\n|move|p1a: Exeggutor|Hypnosis|p2b: Kingdra\n|-status|p2b: Kingdra|slp|[from] move: Hypnosis\n|move|p1b: Hydrapple|Earth Power|p2b: Kingdra\n|-damage|p2b: Kingdra|57/100 slp\n|cant|p2a: Politoed|slp\n|\n|-weather|RainDance|[upkeep]\n|-heal|p2a: Politoed|100/100 slp|[from] item: Leftovers\n|upkeep\n|turn|5\n|\n|t:|1735738554\n|cant|p2b: Kingdra|slp\n|move|p1a: Exeggutor|Dragon Cheer|p1b: Hydrapple\n|-start|p1b: Hydrapple|move: Dragon Cheer\n|move|p1b: Hydrapple|Draco Meteor|p2a: Politoed\n|-crit|p2a: Politoed\n|-damage|p2a: Politoed|19/100 slp\n|-unboost|p1b: Hydrapple|spa|2\n|-curestatus|p2a: Politoed|slp|[msg]\n|move|p2a: Politoed|Perish Song|p2a: Politoed\n|-start|p1a: Exeggutor|perish3|[silent]\n|-start|p1b: Hydrapple|perish3|[silent]\n|-start|p2a: Politoed|perish3|[silent]\n|-start|p2b: Kingdra|perish3|[silent]\n|-fieldactivate|move: Perish Song\n|\n|-weather|RainDance|[upkeep]\n|-heal|p2a: Politoed|25/100|[from] item: Leftovers\n|-start|p1a: Exeggutor|perish3\n|-start|p1b: Hydrapple|perish3\n|-start|p2a: Politoed|perish3\n|-start|p2b: Kingdra|perish3\n|-fieldend|move: Trick Room\n|-fieldend|move: Psychic Terrain\n|upkeep\n|turn|6\n|\n|t:|1735738569\n|cant|p2b: Kingdra|slp\n|move|p2a: Politoed|Protect|p2a: Politoed\n|-singleturn|p2a: Politoed|Protect\n|move|p1b: Hydrapple|Draco Meteor|p2b: Kingdra\n|-supereffective|p2b: Kingdra\n|-crit|p2b: Kingdra\n|-damage|p2b: Kingdra|0 fnt\n|-unboost|p1b: Hydrapple|spa|2\n|faint|p2b: Kingdra\n|move|p1a: Exeggutor|Hypnosis|p2a: Politoed\n|-activate|p2a: Politoed|move: Protect\n|\n|-weather|none\n|-heal|p2a: Politoed|31/100|[from] item: Leftovers\n|-start|p2a: Politoed|perish2\n|-start|p1b: Hydrapple|perish2\n|-start|p1a: Exeggutor|perish2\n|-fieldend|move: Gravity\n|upkeep\n|-message|TheStrongestBlade1 forfeited.\n|\n|win|foysalkhan\n|raw|TheStrongestBlade1's rating: 1234 &rarr; <strong>1215</strong><br />(-19 for losing)\n|raw|foysalkhan's rating: 1318 &rarr; <strong>1333</strong><br />(+15 for winning)\n|l|\u2606TheStrongestBlade1\n|player|p1|\n|l|\u2606foysalkhan\n|player|p2|\n",
  "uploadtime": 1735738920,
  "views": 10,
  "formatid": "gen9vgc2024regh",
  "rating": 1215,
  "private": 0,
  "password": null
}