{
  "id": "gen9vgc2024regh-2273117646",
  "format": "[Gen 9] VGC 2024 Reg H",
  "players": [
    "elromaler",
    "joergdienase"
  ],
  "log": "|j|\u2606elromaler\n|j|\u2606joergdienase\n|t:|1735734208\n|gametype|doubles\n|player|p1|elromaler|170|1365\n|player|p2|joergdienase|101|1320\n|teamsize|p1|6\n|teamsize|p2|6\n|gen|9\n|tier|[Gen 9] VGC 2024 Reg H\n|rated|\n|rule|Species Clause: Limit one of each Pok\u00e9mon\n|rule|Item Clause: Limit 1 of each item\n|clearpoke\n|poke|p1|Ursaluna-Bloodmoon, L50, M|\n|poke|p1|Gholdengo, L50|\n|poke|p1|Dragonite, L50, F|\n|poke|p1|Sneasler, L50, F|\n|poke|p1|Incineroar, L50, M|\n|poke|p1|Amoonguss, L50, F|\n|poke|p2|Smeargle, L50, F|\n|poke|p2|Bellossom, L50, F|\n|poke|p2|Armarouge, L50, F|\n|poke|p2|Forretress, L50, F|\n|poke|p2|Ursaluna, L50, M|\n|poke|p2|Magnezone, L50|\n|teampreview|4\n|\n|t:|1735734237\n|start\n|switch|p1a: Ursaluna|Ursaluna-Bloodmoon, L50, M|100/100\n|switch|p1b: Gholdengo|Gholdengo, L50|100/100\n|switch|p2a: Smeargle|Smeargle, L50, F|100/100\n|switch|p2b: Armarouge|Armarouge, L50, F|100/100\n|turn|1\n|\n|t:|1735734257\n|-terastallize|p1b: Gholdengo|Water\n|move|p2a: Smeargle|Burning Bulwark|p2a: Smeargle\n|-singleturn|p2a: Smeargle|move: Protect\n|move|p1b: Gholdengo|Make It Rain|p2a: Smeargle|[spread] p2b\n|-activate|p2a: Smeargle|move: Protect\n|-resisted|p2b: Armarouge\n|-damage|p2b: Armarouge|71/100\n|-unboost|p1b: Gholdengo|spa|1\n|-damage|p1b: Gholdengo|91/100|[from] item: Life Orb\n|move|p1a: Ursaluna|Earth Power|p2b: Armarouge\n|-supereffective|p2b: Armarouge\n|-crit|p2b: Armarouge\n|-damage|p2b: Armarouge|0 fnt\n|faint|p2b: Armarouge\n|\n|-ability|p2a: Smeargle|Moody|boost\n|-boost|p2a: Smeargle|atk|2\n|-unboost|p2a: Smeargle|def|1\n|upkeep\n|\n|t:|1735734279\n|switch|p2b: Magnezone|Magnezone, L50|100/100\n|-item|p2b: Magnezone|Air Balloon\n|turn|2\n|\n|t:|1735734304\n|move|p1b: Gholdengo|Protect|p1b: Gholdengo\n|-singleturn|p1b: Gholdengo|Protect\n|move|p2a: Smeargle|Salt Cure|p1b: Gholdengo\n|-activate|p1b: Gholdengo|move: Protect\n|move|p1a: Ursaluna|Earth Power|p2b: Magnezone\n|-immune|p2b: Magnezone\n|move|p2b: Magnezone|Flash Cannon|p1a: Ursaluna\n|-damage|p1a: Ursaluna|72/100\n|\n|-ability|p2a: Smeargle|Moody|boost\n|-boost|p2a: Smeargle|spd|2\n|-unboost|p2a: Smeargle|spe|1\n|upkeep\n|turn|3\n|\n|t:|1735734328\n|move|p1b: Gholdengo|Make It Rain|p2b: Magnezone|[spread] p2a,p2b\n|-resisted|p2b: Magnezone\n|-damage|p2a: Smeargle|61/100\n|-damage|p2b: Magnezone|90/100\n|-unboost|p1b: Gholdengo|spa|1\n|-enditem|p2b: Magnezone|Air Balloon\n|-damage|p1b: Gholdengo|82/100|[from] item: Life Orb\n|move|p1a: Ursaluna|Earth Power|p2b: Magnezone\n|-supereffective|p2b: Magnezone\n|-damage|p2b: Magnezone|0 fnt\n|faint|p2b: Magnezone\n|move|p2a: Smeargle|Trick Room|p2a: Smeargle\n|-fieldstart|move: Trick Room|[of] p2a: Smeargle\n|\n|-ability|p2a: Smeargle|Moody|boost\n|-boost|p2a: Smeargle|def|2\n|-unboost|p2a: Smeargle|spa|1\n|upkeep\n|\n|t:|1735734339\n|switch|p2b: Bellossom|Bellossom, L50, F|100/100\n|turn|4\n|\n|t:|1735734351\n|move|p1b: Gholdengo|Protect|p1b: Gholdengo\n|-singleturn|p1b: Gholdengo|Protect\n|move|p2b: Bellossom|Leech Seed|p1a: Ursaluna|[miss]\n|-miss|p2b: Bellossom|p1a: Ursaluna\n|move|p1a: Ursaluna|Hyper Voice|p2b: Bellossom|[spread] p2a,p2b\n|-damage|p2a: Smeargle|25/100\n|-damage|p2b: Bellossom|67/100\n|move|p2a: Smeargle|Spore|p1a: Ursaluna\n|-status|p1a: Ursaluna|slp|[from] move: Spore\n|\n|-heal|p2b: Bellossom|73/100|[from] item: Leftovers\n|-ability|p2a: Smeargle|Moody|boost\n|-boost|p2a: Smeargle|def|2\n|-unboost|p2a: Smeargle|spd|1\n|upkeep\n|turn|5\n|\n|t:|1735734367\n|move|p2b: Bellossom|Leech Seed|p1a: Ursaluna\n|-start|p1a: Ursaluna|move: Leech Seed\n|cant|p1a: Ursaluna|slp\n|move|p2a: Smeargle|Salt Cure|p1b: Gholdengo\n|-damage|p1b: Gholdengo|75/100\n|-start|p1b: Gholdengo|Salt Cure\n|move|p1b: Gholdengo|Nasty Plot|p1b: Gholdengo\n|-boost|p1b: Gholdengo|spa|2\n|\n|-heal|p2b: Bellossom|79/100|[from] item: Leftovers\n|-damage|p1a: Ursaluna|59/100 slp|[from] Leech Seed|[of] p2b: Bellossom\n|-heal|p2b: Bellossom|95/100|[silent]\n|-damage|p1b: Gholdengo|50/100|[from] Salt Cure\n|-ability|p2a: Smeargle|Moody|boost\n|-boost|p2a: Smeargle|spd|2\n|-unboost|p2a: Smeargle|def|1\n|upkeep\n|turn|6\n|\n|t:|1735734401\n|move|p2b: Bellossom|Pollen Puff|p2a: Smeargle\n|-heal|p2a: Smeargle|75/100\n|cant|p1a: Ursaluna|slp\n|move|p2a: Smeargle|Salt Cure|p1a: Ursaluna\n|-resisted|p1a: Ursaluna\n|-damage|p1a: Ursaluna|57/100 slp\n|-start|p1a: Ursaluna|Salt Cure\n|move|p1b: Gholdengo|Make It Rain|p2a: Smeargle|[spread] p2a,p2b\n|-damage|p2a: Smeargle|23/100\n|-damage|p2b: Bellossom|41/100\n|-unboost|p1b: Gholdengo|spa|1\n|-damage|p1b: Gholdengo|41/100|[from] item: Life Orb\n|\n|-heal|p2b: Bellossom|47/100|[from] item: Leftovers\n|-damage|p1a: Ursaluna|45/100 slp|[from] Leech Seed|[of] p2b: Bellossom\n|-heal|p2b: Bellossom|63/100|[silent]\n|-damage|p1a: Ursaluna|33/100 slp|[from] Salt Cure\n|-damage|p1b: Gholdengo|16/100|[from] Salt Cure\n|-ability|p2a: Smeargle|Moody|boost\n|-boost|p2a: Smeargle|spd|2\n|-unboost|p2a: Smeargle|spa|1\n|upkeep\n|turn|7\n|\n|t:|1735734436\n|move|p2b: Bellossom|Protect|p2b: Bellossom\n|-singleturn|p2b: Bellossom|Protect\n|move|p2a: Smeargle|Burning Bulwark|p2a: Smeargle\n|-singleturn|p2a: Smeargle|move: Protect\n|-curestatus|p1a: Ursaluna|slp|[msg]\n|move|p1a: Ursaluna|Hyper Voice|p2a: Smeargle|[spread] \n|-activate|p2a: Smeargle|move: Protect\n|-activate|p2b: Bellossom|move: Protect\n|move|p1b: Gholdengo|Make It Rain|p2b: Bellossom|[spread] \n|-activate|p2a: Smeargle|move: Protect\n|-activate|p2b: Bellossom|move: Protect\n|\n|-heal|p2b: Bellossom|69/100|[from] item: Leftovers\n|-damage|p1a: Ursaluna|21/100|[from] Leech Seed|[of] p2b: Bellossom\n|-heal|p2b: Bellossom|86/100|[silent]\n|-damage|p1a: Ursaluna|9/100|[from] Salt Cure\n|-damage|p1b: Gholdengo|0 fnt|[from] Salt Cure\n|faint|p1b: Gholdengo\n|-fieldend|move: Trick Room\n|-ability|p2a: Smeargle|Moody|boost\n|-boost|p2a: Smeargle|def|2\n|-unboost|p2a: Smeargle|atk|1\n|upkeep\n|\n|t:|1735734446\n|switch|p1b: Sneasler|Sneasler, L50, F|100/100\n|turn|8\n|\n|t:|1735734474\n|-terastallize|p2a: Smeargle|Ghost\n|move|p1b: Sneasler|Close Combat|p2a: Smeargle\n|-immune|p2a: Smeargle\n|move|p2a: Smeargle|Spore|p1b: Sneasler\n|-status|p1b: Sneasler|slp|[from] move: Spore\n|move|p1a: Ursaluna|Blood Moon|p2b: Bellossom\n|-damage|p2b: Bellossom|12/100\n|move|p2b: Bellossom|Strength Sap|p1b: Sneasler\n|-unboost|p1b: Sneasler|atk|1\n|-heal|p2b: Bellossom|100/100\n|\n|-damage|p1a: Ursaluna|0 fnt|[from] Leech Seed|[of] p2b: Bellossom\n|faint|p1a: Ursaluna\n|-ability|p2a: Smeargle|Moody|boost\n|-boost|p2a: Smeargle|def|2\n|-unboost|p2a: Smeargle|spe|1\n|upkeep\n|\n|t:|1735734479\n|switch|p1a: Dragonite|Dragonite, L50, F|100/100\n|turn|9\n|inactive|Battle timer is ON: inactive players will automatically lose when time's up. (requested by elromaler)\n|\n|t:|1735734522\n|cant|p1b: Sneasler|slp\n|move|p1a: Dragonite|Haze|p1a: Dragonite\n|-clearallboost\n|move|p2a: Smeargle|Salt Cure|p1a: Dragonite\n|-supereffective|p1a: Dragonite\n|-damage|p1a: Dragonite|96/100\n|-start|p1a: Dragonite|Salt Cure\n|move|p2b: Bellossom|Leech Seed|p1a: Dragonite\n|-start|p1a: Dragonite|move: Leech Seed\n|\n|-damage|p1a: Dragonite|84/100|[from] Leech Seed|[of] p2b: Bellossom\n|-damage|p1a: Dragonite|72/100|[from] Salt Cure\n|-ability|p2a: Smeargle|Moody|boost\n|-boost|p2a: Smeargle|spd|2\n|-unboost|p2a: Smeargle|def|1\n|upkeep\n|turn|10\n|inactive|joergdienase has 30 seconds left.\n|\n|t:|1735734550\n|move|p2a: Smeargle|Burning Bulwark|p2a: Smeargle\n|-singleturn|p2a: Smeargle|move: Protect\n|-curestatus|p1b: Sneasler|slp|[msg]\n|move|p1b: Sneasler|Dire Claw|p2b: Bellossom\n|-supereffective|p2b: Bellossom\n|-damage|p2b: Bellossom|33/100\n|move|p1a: Dragonite|Scale Shot|p2a: Smeargle\n|-activate|p2a: Smeargle|move: Protect\n|move|p2b: Bellossom|Leech Seed|p1b: Sneasler\n|-start|p1b: Sneasler|move: Leech Seed\n|\n|-heal|p2b: Bellossom|39/100|[from] item: Leftovers\n|-damage|p1b: Sneasler|88/100|[from] Leech Seed|[of] p2b: Bellossom\n|-heal|p2b: Bellossom|51/100|[silent]\n|-damage|p1a: Dragonite|60/100|[from] Leech Seed|[of] p2b: Bellossom\n|-heal|p2b: Bellossom|65/100|[silent]\n|-damage|p1a: Dragonite|48/100|[from] Salt Cure\n|-ability|p2a: Smeargle|Moody|boost\n|-boost|p2a: Smeargle|spe|2\n|-unboost|p2a: Smeargle|atk|1\n|upkeep\n|turn|11\n|\n|t:|1735734570\n|move|p2b: Bellossom|Protect|p2b: Bellossom\n|-singleturn|p2b: Bellossom|Protect\n|move|p1b: Sneasler|Dire Claw|p2b: Bellossom\n|-activate|p2b: Bellossom|move: Protect\n|move|p1a: Dragonite|Scale Shot|p2a: Smeargle\n|-damage|p2a: Smeargle|0 fnt\n|faint|p2a: Smeargle\n|-hitcount|p2: Smeargle|1\n|-unboost|p1a: Dragonite|def|1\n|-boost|p1a: Dragonite|spe|1\n|\n|-heal|p2b: Bellossom|71/100|[from] item: Leftovers\n|-damage|p1a: Dragonite|36/100|[from] Leech Seed|[of] p2b: Bellossom\n|-heal|p2b: Bellossom|84/100|[silent]\n|-damage|p1b: Sneasler|76/100|[from] Leech Seed|[of] p2b: Bellossom\n|-heal|p2b: Bellossom|97/100|[silent]\n|-damage|p1a: Dragonite|24/100|[from] Salt Cure\n|upkeep\n|turn|12\n|\n|t:|1735734585\n|move|p1a: Dragonite|Scale Shot|p2b: Bellossom\n|-damage|p2b: Bellossom|84/100\n|-damage|p2b: Bellossom|69/100\n|-damage|p2b: Bellossom|57/100\n|-damage|p2b: Bellossom|44/100\n|-hitcount|p2b: Bellossom|4\n|-unboost|p1a: Dragonite|def|1\n|-boost|p1a: Dragonite|spe|1\n|move|p1b: Sneasler|Dire Claw|p2b: Bellossom\n|-supereffective|p2b: Bellossom\n|-damage|p2b: Bellossom|0 fnt\n|faint|p2b: Bellossom\n|\n|win|elromaler\n|raw|elromaler's rating: 1365 &rarr; <strong>1382</strong><br />(+17 for winning)\n|raw|joergdienase's rating: 1320 &rarr; <strong>1303</strong><br />(-17 for losing)\n|l|\u2606joergdienase\n|player|p2|\n|l|\u2606elromaler\n|player|p1|\n",
  "uploadtime": 1735734894,
  "views": 35,
  "formatid": "gen9vgc2024regh",
  "rating": 1303,
  "private": 0,
  "password": null
}