{
  "id": "gen9vgc2024regh-2273154589",
  "format": "[Gen 9] VGC 2024 Reg H",
  "players": [
    "aertuluo",
    "nicolas rainier"
  ],
  "log": "|j|\u2606aertuluo\n|j|\u2606nicolas rainier\n|t:|1735741734\n|gametype|doubles\n|player|p1|aertuluo|maid|1518\n|player|p2|nicolas rainier|266|1530\n|teamsize|p1|6\n|teamsize|p2|6\n|gen|9\n|tier|[Gen 9] VGC 2024 Reg H\n|rated|\n|rule|Species Clause: Limit one of each Pok\u00e9mon\n|rule|Item Clause: Limit 1 of each item\n|clearpoke\n|poke|p1|Incineroar, L50, F|\n|poke|p1|Amoonguss, L50, F|\n|poke|p1|Pelipper, L50, M|\n|poke|p1|Basculegion, L50, M|\n|poke|p1|Archaludon, L50, M|\n|poke|p1|Gengar, L50, M|\n|poke|p2|Farigiraf, L50, M|\n|poke|p2|Sinistcha-Masterpiece, L50|\n|poke|p2|Ursaluna-Bloodmoon, L50, M|\n|poke|p2|Incineroar, L50, M|\n|poke|p2|Gholdengo, L50|\n|poke|p2|Flamigo, L50, F|\n|teampreview|4\n|inactive|Battle timer is ON: inactive players will automatically lose when time's up. (requested by aertuluo)\n|j| stewpeed\n|inactive|nicolas rainier has 60 seconds left.\n|inactive|nicolas rainier has 30 seconds left.\n|\n|t:|1735741795\n|start\n|switch|p1a: \u963f\u4f0a\u963f\u4f0a\u963f\u4f0a\u963f\u4f0a\u5440|Incineroar, L50, F|100/100\n|switch|p1b: \u6211\u606d\u559c\u4f60\u7cbe\u5f69|Pelipper, L50, M|100/100\n|switch|p2a: Farigiraf|Farigiraf, L50, M, shiny|100/100\n|switch|p2b: Incineroar|Incineroar, L50, M, shiny|100/100\n|-weather|RainDance|[from] ability: Drizzle|[of] p1b: \u6211\u606d\u559c\u4f60\u7cbe\u5f69\n|-ability|p2b: Incineroar|Intimidate|boost\n|-unboost|p1a: \u963f\u4f0a\u963f\u4f0a\u963f\u4f0a\u963f\u4f0a\u5440|atk|1\n|-unboost|p1b: \u6211\u606d\u559c\u4f60\u7cbe\u5f69|atk|1\n|-ability|p1a: \u963f\u4f0a\u963f\u4f0a\u963f\u4f0a\u963f\u4f0a\u5440|Intimidate|boost\n|-unboost|p2a: Farigiraf|atk|1\n|-unboost|p2b: Incineroar|atk|1\n|turn|1\n|inactive|aertuluo has 30 seconds left.\n|\n|t:|1735741822\n|move|p2b: Incineroar|Fake Out|p1a: \u963f\u4f0a\u963f\u4f0a\u963f\u4f0a\u963f\u4f0a\u5440\n|-crit|p1a: \u963f\u4f0a\u963f\u4f0a\u963f\u4f0a\u963f\u4f0a\u5440\n|-damage|p1a: \u963f\u4f0a\u963f\u4f0a\u963f\u4f0a\u963f\u4f0a\u5440|84/100\n|move|p1b: \u6211\u606d\u559c\u4f60\u7cbe\u5f69|Tailwind|p1b: \u6211\u606d\u559c\u4f60\u7cbe\u5f69\n|-sidestart|p1: aertuluo|move: Tailwind\n|cant|p1a: \u963f\u4f0a\u963f\u4f0a\u963f\u4f0a\u963f\u4f0a\u5440|flinch\n|move|p2a: Farigiraf|Trick Room|p2a: Farigiraf\n|-fieldstart|move: Trick Room|[of] p2a: Farigiraf\n|\n|-weather|RainDance|[upkeep]\n|upkeep\n|turn|2\n|\n|t:|1735741835\n|switch|p1a: \u4e0d\u597d\u7684\u8bf7\u8d70\u5f00|Archaludon, L50, M|100/100\n|move|p2a: Farigiraf|Hyper Voice|p1a: \u4e0d\u597d\u7684\u8bf7\u8d70\u5f00|[spread] p1a,p1b\n|-resisted|p1a: \u4e0d\u597d\u7684\u8bf7\u8d70\u5f00\n|-damage|p1a: \u4e0d\u597d\u7684\u8bf7\u8d70\u5f00|88/100\n|-damage|p1b: \u6211\u606d\u559c\u4f60\u7cbe\u5f69|40/100\n|-ability|p1a: \u4e0d\u597d\u7684\u8bf7\u8d70\u5f00|Stamina|boost\n|-boost|p1a: \u4e0d\u597d\u7684\u8bf7\u8d70\u5f00|def|1\n|-enditem|p2a: Farigiraf|Throat Spray\n|-boost|p2a: Farigiraf|spa|1|[from] item: Throat Spray\n|move|p2b: Incineroar|Knock Off|p1a: \u4e0d\u597d\u7684\u8bf7\u8d70\u5f00\n|-damage|p1a: \u4e0d\u597d\u7684\u8bf7\u8d70\u5f00|76/100\n|-ability|p1a: \u4e0d\u597d\u7684\u8bf7\u8d70\u5f00|Stamina|boost\n|-boost|p1a: \u4e0d\u597d\u7684\u8bf7\u8d70\u5f00|def|1\n|-enditem|p1a: \u4e0d\u597d\u7684\u8bf7\u8d70\u5f00|Assault Vest|[from] move: Knock Off|[of] p2b: Incineroar\n|move|p1b: \u6211\u606d\u559c\u4f60\u7cbe\u5f69|Weather Ball|p2b: Incineroar\n|-supereffective|p2b: Incineroar\n|-damage|p2b: Incineroar|22/100\n|\n|-weather|RainDance|[upkeep]\n|upkeep\n|turn|3\n|\n|t:|1735741859\n|move|p1b: \u6211\u606d\u559c\u4f60\u7cbe\u5f69|Wide Guard|p1b: \u6211\u606d\u559c\u4f60\u7cbe\u5f69\n|-singleturn|p1b: \u6211\u606d\u559c\u4f60\u7cbe\u5f69|Wide Guard\n|move|p2a: Farigiraf|Psychic|p1a: \u4e0d\u597d\u7684\u8bf7\u8d70\u5f00\n|-resisted|p1a: \u4e0d\u597d\u7684\u8bf7\u8d70\u5f00\n|-damage|p1a: \u4e0d\u597d\u7684\u8bf7\u8d70\u5f00|38/100\n|-ability|p1a: \u4e0d\u597d\u7684\u8bf7\u8d70\u5f00|Stamina|boost\n|-boost|p1a: \u4e0d\u597d\u7684\u8bf7\u8d70\u5f00|def|1\n|move|p2b: Incineroar|Knock Off|p1b: \u6211\u606d\u559c\u4f60\u7cbe\u5f69\n|-damage|p1b: \u6211\u606d\u559c\u4f60\u7cbe\u5f69|6/100\n|-enditem|p1b: \u6211\u606d\u559c\u4f60\u7cbe\u5f69|Focus Sash|[from] move: Knock Off|[of] p2b: Incineroar\n|move|p1a: \u4e0d\u597d\u7684\u8bf7\u8d70\u5f00|Electro Shot||[still]\n|-prepare|p1a: \u4e0d\u597d\u7684\u8bf7\u8d70\u5f00|Electro Shot\n|-boost|p1a: \u4e0d\u597d\u7684\u8bf7\u8d70\u5f00|spa|1\n|-anim|p1a: \u4e0d\u597d\u7684\u8bf7\u8d70\u5f00|Electro Shot|p2b: Incineroar\n|-damage|p2b: Incineroar|0 fnt\n|faint|p2b: Incineroar\n|\n|-weather|RainDance|[upkeep]\n|upkeep\n|\n|t:|1735741873\n|switch|p2b: Ursaluna|Ursaluna-Bloodmoon, L50, M|100/100\n|-enditem|p2b: Ursaluna|Room Service\n|-unboost|p2b: Ursaluna|spe|1|[from] item: Room Service\n|turn|4\n|\n|t:|1735741896\n|move|p2b: Ursaluna|Protect|p2b: Ursaluna\n|-singleturn|p2b: Ursaluna|Protect\n|move|p2a: Farigiraf|Psychic|p1a: \u4e0d\u597d\u7684\u8bf7\u8d70\u5f00\n|-resisted|p1a: \u4e0d\u597d\u7684\u8bf7\u8d70\u5f00\n|-damage|p1a: \u4e0d\u597d\u7684\u8bf7\u8d70\u5f00|0 fnt\n|faint|p1a: \u4e0d\u597d\u7684\u8bf7\u8d70\u5f00\n|move|p1b: \u6211\u606d\u559c\u4f60\u7cbe\u5f69|Weather Ball|p2b: Ursaluna\n|-activate|p2b: Ursaluna|move: Protect\n|\n|-weather|RainDance|[upkeep]\n|-sideend|p1: aertuluo|move: Tailwind\n|upkeep\n|\n|t:|1735741900\n|switch|p1a: \u963f\u4f0a\u963f\u4f0a\u963f\u4f0a\u963f\u4f0a\u5440|Incineroar, L50, F|84/100\n|-ability|p1a: \u963f\u4f0a\u963f\u4f0a\u963f\u4f0a\u963f\u4f0a\u5440|Intimidate|boost\n|-unboost|p2a: Farigiraf|atk|1\n|-unboost|p2b: Ursaluna|atk|1\n|turn|5\n|\n|t:|1735741915\n|-terastallize|p2b: Ursaluna|Normal\n|move|p2b: Ursaluna|Earth Power|p1a: \u963f\u4f0a\u963f\u4f0a\u963f\u4f0a\u963f\u4f0a\u5440\n|-supereffective|p1a: \u963f\u4f0a\u963f\u4f0a\u963f\u4f0a\u963f\u4f0a\u5440\n|-damage|p1a: \u963f\u4f0a\u963f\u4f0a\u963f\u4f0a\u963f\u4f0a\u5440|9/100\n|move|p1a: \u963f\u4f0a\u963f\u4f0a\u963f\u4f0a\u963f\u4f0a\u5440|Parting Shot|p2a: Farigiraf\n|-unboost|p2a: Farigiraf|atk|1\n|-unboost|p2a: Farigiraf|spa|1\n|\n|t:|1735741922\n|switch|p1a: \u6700\u597d\u7684\u8bf7\u8fc7\u6765|Basculegion, L50, M|100/100|[from] Parting Shot\n|move|p2a: Farigiraf|Hyper Voice|p1a: \u6700\u597d\u7684\u8bf7\u8fc7\u6765|[spread] p1b\n|-immune|p1a: \u6700\u597d\u7684\u8bf7\u8fc7\u6765\n|-damage|p1b: \u6211\u606d\u559c\u4f60\u7cbe\u5f69|0 fnt\n|faint|p1b: \u6211\u606d\u559c\u4f60\u7cbe\u5f69\n|\n|-weather|none\n|-fieldend|move: Trick Room\n|upkeep\n|\n|t:|1735741931\n|switch|p1b: \u963f\u4f0a\u963f\u4f0a\u963f\u4f0a\u963f\u4f0a\u5440|Incineroar, L50, F|9/100\n|-ability|p1b: \u963f\u4f0a\u963f\u4f0a\u963f\u4f0a\u963f\u4f0a\u5440|Intimidate|boost\n|-unboost|p2a: Farigiraf|atk|1\n|-unboost|p2b: Ursaluna|atk|1\n|turn|6\n|inactive|nicolas rainier has 30 seconds left.\n|\n|t:|1735741965\n|-terastallize|p1a: \u6700\u597d\u7684\u8bf7\u8fc7\u6765|Water\n|move|p2a: Farigiraf|Protect|p2a: Farigiraf\n|-singleturn|p2a: Farigiraf|Protect\n|move|p1a: \u6700\u597d\u7684\u8bf7\u8fc7\u6765|Wave Crash|p2b: Ursaluna\n|-damage|p2b: Ursaluna|26/100\n|-damage|p1a: \u6700\u597d\u7684\u8bf7\u8fc7\u6765|77/100|[from] Recoil\n|-damage|p1a: \u6700\u597d\u7684\u8bf7\u8fc7\u6765|67/100|[from] item: Life Orb\n|move|p1b: \u963f\u4f0a\u963f\u4f0a\u963f\u4f0a\u963f\u4f0a\u5440|Knock Off|p2a: Farigiraf\n|-activate|p2a: Farigiraf|move: Protect\n|move|p2b: Ursaluna|Hyper Voice|p1b: \u963f\u4f0a\u963f\u4f0a\u963f\u4f0a\u963f\u4f0a\u5440|[spread] p1a,p1b\n|-damage|p1a: \u6700\u597d\u7684\u8bf7\u8fc7\u6765|18/100\n|-damage|p1b: \u963f\u4f0a\u963f\u4f0a\u963f\u4f0a\u963f\u4f0a\u5440|0 fnt\n|faint|p1b: \u963f\u4f0a\u963f\u4f0a\u963f\u4f0a\u963f\u4f0a\u5440\n|\n|upkeep\n|turn|7\n|-message|aertuluo forfeited.\n|\n|win|nicolas rainier\n|raw|aertuluo's rating: 1518 &rarr; <strong>1499</strong><br />(-19 for losing)\n|raw|nicolas rainier's rating: 1530 &rarr; <strong>1549</strong><br />(+19 for winning)\n|l|\u2606aertuluo\n|player|p1|\n|l|\u2606nicolas rainier\n|player|p2|\n|l| stewpeed\n",
  "uploadtime": 1735742244,
  "views": 125,
  "formatid": "gen9vgc2024regh",
  "rating": 1499,
  "private": 0,
  "password": null
}