{
  "id": "gen9vgc2024regh-2273161498",
  "format": "[Gen 9] VGC 2024 Reg H",
  "players": [
    "TheStarLance",
    "tvini25"
  ],
  "log": "|j|\u2606TheStarLance\n|j|\u2606tvini25\n|t:|1735742948\n|gametype|doubles\n|player|p1|TheStarLance|lance|1504\n|player|p2|tvini25|170|1502\n|teamsize|p1|6\n|teamsize|p2|6\n|gen|9\n|tier|[Gen 9] VGC 2024 Reg H\n|rated|\n|rule|Species Clause: Limit one of each Pok\u00e9mon\n|rule|Item Clause: Limit 1 of each item\n|clearpoke\n|poke|p1|Tatsugiri, L50, F|\n|poke|p1|Politoed, L50, M|\n|poke|p1|Sneasler, L50, M|\n|poke|p1|Archaludon, L50, F|\n|poke|p1|Flamigo, L50, F|\n|poke|p1|Dondozo, L50, M|\n|poke|p2|Corviknight, L50, M|\n|poke|p2|Incineroar, L50, M|\n|poke|p2|Sinistcha, L50|\n|poke|p2|Annihilape, L50, F|\n|poke|p2|Ninetales-Alola, L50, M|\n|poke|p2|Hydreigon, L50, F|\n|teampreview|4\n|\n|t:|1735742993\n|start\n|switch|p1a: Sneasler|Sneasler, L50, M|100/100\n|switch|p1b: Archaludon|Archaludon, L50, F|100/100\n|switch|p2a: Incineroar|Incineroar, L50, M|100/100\n|switch|p2b: Annihilape|Annihilape, L50, F|100/100\n|-ability|p2a: Incineroar|Intimidate|boost\n|-unboost|p1a: Sneasler|atk|1\n|-unboost|p1b: Archaludon|atk|1\n|turn|1\n|inactive|Battle timer is ON: inactive players will automatically lose when time's up. (requested by tvini25)\n|inactive|TheStarLance has 60 seconds left.\n|inactive|tvini25 has 60 seconds left.\n|\n|t:|1735743036\n|-terastallize|p2a: Incineroar|Grass\n|move|p1a: Sneasler|Protect|p1a: Sneasler\n|-singleturn|p1a: Sneasler|Protect\n|move|p1b: Archaludon|Protect|p1b: Archaludon\n|-singleturn|p1b: Archaludon|Protect\n|move|p2b: Annihilape|Bulk Up|p2b: Annihilape\n|-boost|p2b: Annihilape|atk|1\n|-boost|p2b: Annihilape|def|1\n|move|p2a: Incineroar|Parting Shot|p1b: Archaludon\n|-activate|p1b: Archaludon|move: Protect\n|\n|upkeep\n|turn|2\n|inactive|TheStarLance has 30 seconds left.\n|\n|t:|1735743063\n|switch|p2a: Sinistcha|Sinistcha, L50|100/100\n|-terastallize|p1b: Archaludon|Electric\n|move|p1a: Sneasler|Dire Claw|p2a: Sinistcha\n|-damage|p2a: Sinistcha|71/100\n|-status|p2a: Sinistcha|par\n|-damage|p1a: Sneasler|84/100|[from] item: Rocky Helmet|[of] p2a: Sinistcha\n|-damage|p1a: Sneasler|74/100|[from] item: Life Orb\n|move|p2b: Annihilape|Rage Fist|p1a: Sneasler\n|-damage|p1a: Sneasler|24/100\n|move|p1b: Archaludon|Electro Shot||[still]\n|-prepare|p1b: Archaludon|Electro Shot\n|-boost|p1b: Archaludon|spa|1\n|-enditem|p1b: Archaludon|Power Herb\n|-anim|p1b: Archaludon|Electro Shot|p2b: Annihilape\n|-damage|p2b: Annihilape|13/100\n|\n|-heal|p2b: Annihilape|19/100|[from] item: Leftovers\n|upkeep\n|turn|3\n|inactive|TheStarLance has 30 seconds left.\n|inactive|tvini25 has 30 seconds left.\n|inactive|tvini25 has 20 seconds left.\n|\n|t:|1735743099\n|move|p2a: Sinistcha|Rage Powder|p2a: Sinistcha\n|-singleturn|p2a: Sinistcha|move: Rage Powder\n|move|p1a: Sneasler|Dire Claw|p2a: Sinistcha\n|-damage|p2a: Sinistcha|43/100 par\n|-damage|p1a: Sneasler|8/100|[from] item: Rocky Helmet|[of] p2a: Sinistcha\n|-damage|p1a: Sneasler|0 fnt|[from] item: Life Orb\n|faint|p1a: Sneasler\n|move|p2b: Annihilape|Drain Punch|p1b: Archaludon\n|-damage|p1b: Archaludon|64/100\n|-heal|p2b: Annihilape|34/100|[from] drain|[of] p1b: Archaludon\n|move|p1b: Archaludon|Dragon Pulse|p2a: Sinistcha\n|-damage|p2a: Sinistcha|0 fnt\n|faint|p2a: Sinistcha\n|\n|-heal|p2b: Annihilape|40/100|[from] item: Leftovers\n|upkeep\n|\n|t:|1735743117\n|switch|p1a: Tatsugiri|Tatsugiri, L50, F|100/100\n|switch|p2a: Incineroar|Incineroar, L50, M, tera:Grass|100/100\n|-ability|p2a: Incineroar|Intimidate|boost\n|-unboost|p1a: Tatsugiri|atk|1\n|-unboost|p1b: Archaludon|atk|1\n|turn|4\n|inactive|tvini25 has 30 seconds left.\n|inactive|TheStarLance has 30 seconds left.\n|\n|t:|1735743150\n|move|p1b: Archaludon|Protect|p1b: Archaludon\n|-singleturn|p1b: Archaludon|Protect\n|move|p1a: Tatsugiri|Protect|p1a: Tatsugiri\n|-singleturn|p1a: Tatsugiri|Protect\n|move|p2b: Annihilape|Bulk Up|p2b: Annihilape\n|-boost|p2b: Annihilape|atk|1\n|-boost|p2b: Annihilape|def|1\n|move|p2a: Incineroar|Parting Shot|p1b: Archaludon\n|-activate|p1b: Archaludon|move: Protect\n|\n|-heal|p2b: Annihilape|46/100|[from] item: Leftovers\n|upkeep\n|turn|5\n|\n|t:|1735743173\n|move|p2b: Annihilape|Protect|p2b: Annihilape\n|-singleturn|p2b: Annihilape|Protect\n|move|p1b: Archaludon|Dragon Pulse|p2b: Annihilape\n|-activate|p2b: Annihilape|move: Protect\n|move|p1a: Tatsugiri|Draco Meteor|p2b: Annihilape\n|-activate|p2b: Annihilape|move: Protect\n|move|p2a: Incineroar|Parting Shot|p1b: Archaludon\n|-unboost|p1b: Archaludon|atk|1\n|-unboost|p1b: Archaludon|spa|1\n|\n|t:|1735743183\n|switch|p2a: Ninetales|Ninetales-Alola, L50, M|100/100|[from] Parting Shot\n|-weather|Snow|[from] ability: Snow Warning|[of] p2a: Ninetales\n|\n|-weather|Snow|[upkeep]\n|-heal|p2b: Annihilape|52/100|[from] item: Leftovers\n|upkeep\n|turn|6\n|inactive|TheStarLance has 30 seconds left.\n|inactive|tvini25 has 30 seconds left.\n|inactive|tvini25 has 20 seconds left.\n|\n|t:|1735743219\n|move|p1a: Tatsugiri|Protect|p1a: Tatsugiri\n|-singleturn|p1a: Tatsugiri|Protect\n|move|p2a: Ninetales|Moonblast|p1a: Tatsugiri\n|-activate|p1a: Tatsugiri|move: Protect\n|move|p2b: Annihilape|Drain Punch|p1b: Archaludon\n|-damage|p1b: Archaludon|10/100\n|-heal|p2b: Annihilape|73/100|[from] drain|[of] p1b: Archaludon\n|move|p1b: Archaludon|Dragon Pulse|p2b: Annihilape\n|-damage|p2b: Annihilape|38/100\n|\n|-weather|Snow|[upkeep]\n|-heal|p2b: Annihilape|44/100|[from] item: Leftovers\n|upkeep\n|turn|7\n|inactive|tvini25 has 30 seconds left.\n|\n|t:|1735743245\n|move|p2b: Annihilape|Protect|p2b: Annihilape\n|-singleturn|p2b: Annihilape|Protect\n|move|p1b: Archaludon|Protect|p1b: Archaludon\n|-singleturn|p1b: Archaludon|Protect\n|move|p2a: Ninetales|Aurora Veil|p2a: Ninetales\n|-sidestart|p2: tvini25|move: Aurora Veil\n|move|p1a: Tatsugiri|Draco Meteor|p2b: Annihilape\n|-activate|p2b: Annihilape|move: Protect\n|\n|-weather|Snow|[upkeep]\n|-heal|p2b: Annihilape|50/100|[from] item: Leftovers\n|upkeep\n|turn|8\n|\n|t:|1735743264\n|move|p2a: Ninetales|Blizzard|p1b: Archaludon|[spread] p1a,p1b\n|-damage|p1a: Tatsugiri|48/100\n|-damage|p1b: Archaludon|0 fnt\n|faint|p1b: Archaludon\n|-damage|p2a: Ninetales|91/100|[from] item: Life Orb\n|move|p2b: Annihilape|Drain Punch|p1a: Tatsugiri\n|-damage|p1a: Tatsugiri|0 fnt\n|-heal|p2b: Annihilape|68/100|[from] drain|[of] p1a: Tatsugiri\n|faint|p1a: Tatsugiri\n|\n|-weather|Snow|[upkeep]\n|-heal|p2b: Annihilape|74/100|[from] item: Leftovers\n|upkeep\n|-message|TheStarLance forfeited.\n|\n|win|tvini25\n|raw|TheStarLance's rating: 1504 &rarr; <strong>1484</strong><br />(-20 for losing)\n|raw|tvini25's rating: 1502 &rarr; <strong>1522</strong><br />(+20 for winning)\n|l|\u2606TheStarLance\n|player|p1|\n|l|\u2606tvini25\n|player|p2|\n",
  "uploadtime": 1735743628,
  "views": 150,
  "formatid": "gen9vgc2024regh",
  "rating": 1484,
  "private": 0,
  "password": null
}