{
  "id": "gen9vgc2024regh-2273231934",
  "format": "[Gen 9] VGC 2024 Reg H",
  "players": [
    "VectorAMV",
    "TheHeroOfMeow"
  ],
  "log": "|j|\u2606VectorAMV\n|j|\u2606TheHeroOfMeow\n|t:|1735753512\n|gametype|doubles\n|player|p1|VectorAMV|nate|1219\n|player|p2|TheHeroOfMeow|will|1255\n|teamsize|p1|6\n|teamsize|p2|6\n|gen|9\n|tier|[Gen 9] VGC 2024 Reg H\n|rated|\n|rule|Species Clause: Limit one of each Pok\u00e9mon\n|rule|Item Clause: Limit 1 of each item\n|clearpoke\n|poke|p1|Breloom, L50, M|\n|poke|p1|Armarouge, L50, F|\n|poke|p1|Indeedee-F, L50, F|\n|poke|p1|Forretress, L50, M|\n|poke|p1|Araquanid, L50, F|\n|poke|p1|Tinkatuff, L50, F|\n|poke|p2|Scyther, L50, M|\n|poke|p2|Farigiraf, L50, M|\n|poke|p2|Tauros-Paldea-Aqua, L50, M|\n|poke|p2|Rillaboom, L50, M|\n|poke|p2|Incineroar, L50, F|\n|poke|p2|Blaziken, L50, M|\n|teampreview|4\n|inactive|Battle timer is ON: inactive players will automatically lose when time's up. (requested by VectorAMV)\n|inactive|TheHeroOfMeow has 60 seconds left.\n|\n|t:|1735753554\n|start\n|switch|p1a: Arachnia|Araquanid, L50, F, shiny|100/100\n|switch|p1b: Teeah|Tinkatuff, L50, F, shiny|100/100\n|switch|p2a: Blaziken|Blaziken, L50, M|100/100\n|switch|p2b: Scyther|Scyther, L50, M|100/100\n|-ability|p1b: Teeah|Mold Breaker\n|turn|1\n|\n|t:|1735753565\n|switch|p1a: Iris|Indeedee-F, L50, F|100/100\n|-fieldstart|move: Psychic Terrain|[from] ability: Psychic Surge|[of] p1a: Iris\n|move|p2a: Blaziken|Helping Hand|p2b: Scyther\n|-singleturn|p2b: Scyther|Helping Hand|[of] p2a: Blaziken\n|move|p2b: Scyther|Dual Wingbeat|p1a: Iris\n|-damage|p1a: Iris|58/100\n|-damage|p2b: Scyther|84/100|[from] item: Rocky Helmet|[of] p1a: Iris\n|-damage|p1a: Iris|19/100\n|-damage|p2b: Scyther|67/100|[from] item: Rocky Helmet|[of] p1a: Iris\n|-hitcount|p1a: Iris|2\n|move|p1b: Teeah|Thunder Wave|p2b: Scyther\n|-status|p2b: Scyther|par\n|\n|-ability|p2a: Blaziken|Speed Boost|boost\n|-boost|p2a: Blaziken|spe|1\n|upkeep\n|turn|2\n|inactive|VectorAMV has 30 seconds left.\n|inactive|TheHeroOfMeow has 30 seconds left.\n|inactive|VectorAMV has 20 seconds left.\n|\n|t:|1735753603\n|move|p1a: Iris|Follow Me|p1a: Iris\n|-singleturn|p1a: Iris|move: Follow Me\n|move|p2a: Blaziken|Flamethrower|p1a: Iris\n|-damage|p1a: Iris|0 fnt\n|faint|p1a: Iris\n|move|p1b: Teeah|Thunder Wave|p2a: Blaziken\n|-status|p2a: Blaziken|par\n|move|p2b: Scyther|Tailwind|p2b: Scyther\n|-sidestart|p2: TheHeroOfMeow|move: Tailwind\n|\n|-ability|p2a: Blaziken|Speed Boost|boost\n|-boost|p2a: Blaziken|spe|1\n|upkeep\n|\n|t:|1735753618\n|switch|p1a: Arachnia|Araquanid, L50, F, shiny|100/100\n|turn|3\n|\n|t:|1735753627\n|-terastallize|p1a: Arachnia|Ground\n|move|p2a: Blaziken|Flamethrower|p1b: Teeah\n|-supereffective|p1b: Teeah\n|-damage|p1b: Teeah|35/100\n|move|p2b: Scyther|Dual Wingbeat|p1a: Arachnia\n|-damage|p1a: Arachnia|73/100\n|-crit|p1a: Arachnia\n|-damage|p1a: Arachnia|37/100\n|-hitcount|p1a: Arachnia|2\n|move|p1b: Teeah|Knock Off|p2b: Scyther\n|-damage|p2b: Scyther|55/100 par\n|-enditem|p2b: Scyther|Eviolite|[from] move: Knock Off|[of] p1b: Teeah\n|move|p1a: Arachnia|Liquidation|p2a: Blaziken\n|-supereffective|p2a: Blaziken\n|-enditem|p2a: Blaziken|Focus Sash\n|-damage|p2a: Blaziken|1/100 par\n|-unboost|p2a: Blaziken|def|1\n|\n|-ability|p2a: Blaziken|Speed Boost|boost\n|-boost|p2a: Blaziken|spe|1\n|upkeep\n|turn|4\n|inactive|VectorAMV has 30 seconds left.\n|inactive|TheHeroOfMeow has 30 seconds left.\n|inactive|VectorAMV has 20 seconds left.\n|\n|t:|1735753663\n|switch|p2b: Incineroar|Incineroar, L50, F|100/100\n|-ability|p2b: Incineroar|Intimidate|boost\n|-unboost|p1a: Arachnia|atk|1\n|-unboost|p1b: Teeah|atk|1\n|move|p1b: Teeah|Protect|p1b: Teeah\n|-singleturn|p1b: Teeah|Protect\n|move|p2a: Blaziken|Flamethrower|p1b: Teeah\n|-activate|p1b: Teeah|move: Protect\n|move|p1a: Arachnia|Liquidation|p2a: Blaziken\n|-supereffective|p2a: Blaziken\n|-damage|p2a: Blaziken|0 fnt\n|faint|p2a: Blaziken\n|\n|upkeep\n|\n|t:|1735753677\n|switch|p2a: Farigiraf|Farigiraf, L50, M|100/100\n|turn|5\n|\n|t:|1735753694\n|move|p2a: Farigiraf|Hyper Voice|p1a: Arachnia|[spread] p1a,p1b\n|-resisted|p1b: Teeah\n|-damage|p1a: Arachnia|21/100\n|-damage|p1b: Teeah|23/100\n|-enditem|p2a: Farigiraf|Throat Spray\n|-boost|p2a: Farigiraf|spa|1|[from] item: Throat Spray\n|move|p2b: Incineroar|Flare Blitz|p1b: Teeah\n|-supereffective|p1b: Teeah\n|-damage|p1b: Teeah|0 fnt\n|faint|p1b: Teeah\n|-damage|p2b: Incineroar|93/100|[from] Recoil\n|move|p1a: Arachnia|Liquidation|p2b: Incineroar\n|-supereffective|p2b: Incineroar\n|-damage|p2b: Incineroar|36/100\n|-damage|p1a: Arachnia|4/100|[from] item: Rocky Helmet|[of] p2b: Incineroar\n|\n|-sideend|p2: TheHeroOfMeow|move: Tailwind\n|-fieldend|move: Psychic Terrain\n|upkeep\n|\n|t:|1735753708\n|switch|p1b: Chantelle|Armarouge, L50, F|100/100\n|turn|6\n|\n|t:|1735753722\n|move|p2a: Farigiraf|Hyper Voice|p1a: Arachnia|[spread] p1a,p1b\n|-damage|p1a: Arachnia|0 fnt\n|-damage|p1b: Chantelle|47/100\n|faint|p1a: Arachnia\n|move|p1b: Chantelle|Heat Wave|p2b: Incineroar|[spread] p2a,p2b\n|-resisted|p2b: Incineroar\n|-damage|p2a: Farigiraf|59/100\n|-damage|p2b: Incineroar|16/100\n|move|p2b: Incineroar|Knock Off|p1b: Chantelle\n|-supereffective|p1b: Chantelle\n|-damage|p1b: Chantelle|0 fnt\n|-enditem|p1b: Chantelle|Weakness Policy|[from] move: Knock Off|[of] p2b: Incineroar\n|faint|p1b: Chantelle\n|\n|win|TheHeroOfMeow\n|raw|VectorAMV's rating: 1219 &rarr; <strong>1197</strong><br />(-22 for losing)\n|raw|TheHeroOfMeow's rating: 1255 &rarr; <strong>1277</strong><br />(+22 for winning)\n|l|\u2606TheHeroOfMeow\n|player|p2|\n|l|\u2606VectorAMV\n|player|p1|\n|j|\u2606VectorAMV\n|player|p1|VectorAMV|nate|\n|l|\u2606VectorAMV\n|player|p1|\n|j|\u2606VectorAMV\n|player|p1|VectorAMV|nate|\n|c|\u2606VectorAMV|Last format in Jan 1st, 2025 ;n; Waaaaaaaah.\n",
  "uploadtime": 1735753987,
  "views": 359,
  "formatid": "gen9vgc2024regh",
  "rating": 1197,
  "private": 0,
  "password": null
}