{
  "id": "gen9vgc2024regh-2273131879",
  "format": "[Gen 9] VGC 2024 Reg H",
  "players": [
    "syll0g1sm",
    "sohaib1478"
  ],
  "log": "|j|\u2606syll0g1sm\n|j|\u2606sohaib1478\n|t:|1735737329\n|gametype|doubles\n|player|p1|syll0g1sm|1|1184\n|player|p2|sohaib1478|dragontamer|1401\n|teamsize|p1|6\n|teamsize|p2|6\n|gen|9\n|tier|[Gen 9] VGC 2024 Reg H\n|rated|\n|rule|Species Clause: Limit one of each Pok\u00e9mon\n|rule|Item Clause: Limit 1 of each item\n|clearpoke\n|poke|p1|Ursaluna, L50, M|\n|poke|p1|Exeggutor-Alola, L50, M|\n|poke|p1|Torkoal, L50, M|\n|poke|p1|Lilligant-Hisui, L50, F|\n|poke|p1|Sableye, L50, M|\n|poke|p1|Gallade, L50, M|\n|poke|p2|Farigiraf, L50, M|\n|poke|p2|Incineroar, L50, M|\n|poke|p2|Vikavolt, L50, M|\n|poke|p2|Grimmsnarl, L50, M|\n|poke|p2|Archaludon, L50, F|\n|poke|p2|Ursaluna, L50, M|\n|teampreview|4\n|inactive|Battle timer is ON: inactive players will automatically lose when time's up. (requested by sohaib1478)\n|inactive|syll0g1sm has 60 seconds left.\n|\n|t:|1735737362\n|start\n|switch|p1a: Lilligant|Lilligant-Hisui, L50, F|100/100\n|switch|p1b: Ursaluna|Ursaluna, L50, M|100/100\n|switch|p2a: Incineroar|Incineroar, L50, M|100/100\n|switch|p2b: Grimmsnarl|Grimmsnarl, L50, M|100/100\n|-ability|p2a: Incineroar|Intimidate|boost\n|-unboost|p1a: Lilligant|atk|1\n|-unboost|p1b: Ursaluna|atk|1\n|turn|1\n|\n|t:|1735737379\n|move|p1a: Lilligant|Protect|p1a: Lilligant\n|-singleturn|p1a: Lilligant|Protect\n|move|p1b: Ursaluna|Protect|p1b: Ursaluna\n|-singleturn|p1b: Ursaluna|Protect\n|move|p2a: Incineroar|Fake Out|p1a: Lilligant\n|-activate|p1a: Lilligant|move: Protect\n|move|p2b: Grimmsnarl|Reflect|p2b: Grimmsnarl\n|-sidestart|p2: sohaib1478|Reflect\n|\n|-status|p1b: Ursaluna|brn|[from] item: Flame Orb\n|upkeep\n|turn|2\n|\n|t:|1735737395\n|move|p1a: Lilligant|Encore|p2a: Incineroar\n|-start|p2a: Incineroar|Encore\n|move|p2a: Incineroar|Fake Out||[still]\n|-hint|Fake Out only works on your first turn out.\n|-fail|p2a: Incineroar\n|move|p2b: Grimmsnarl|Foul Play|p1b: Ursaluna\n|-damage|p1b: Ursaluna|75/100 brn\n|move|p1b: Ursaluna|Facade|p2a: Incineroar\n|-damage|p2a: Incineroar|46/100\n|\n|-damage|p1b: Ursaluna|69/100 brn|[from] brn\n|upkeep\n|turn|3\n|inactive|syll0g1sm has 30 seconds left.\n|\n|t:|1735737420\n|switch|p2a: Archaludon|Archaludon, L50, F|100/100\n|move|p1a: Lilligant|Close Combat|p2a: Archaludon\n|-supereffective|p2a: Archaludon\n|-damage|p2a: Archaludon|68/100\n|-unboost|p1a: Lilligant|def|1\n|-unboost|p1a: Lilligant|spd|1\n|-ability|p2a: Archaludon|Stamina|boost\n|-boost|p2a: Archaludon|def|1\n|move|p2b: Grimmsnarl|Play Rough|p1a: Lilligant\n|-supereffective|p1a: Lilligant\n|-enditem|p1a: Lilligant|Focus Sash\n|-damage|p1a: Lilligant|1/100\n|move|p1b: Ursaluna|Facade|p2b: Grimmsnarl\n|-damage|p2b: Grimmsnarl|34/100\n|\n|-damage|p1b: Ursaluna|63/100 brn|[from] brn\n|upkeep\n|turn|4\n|inactive|syll0g1sm has 30 seconds left.\n|inactive|sohaib1478 has 30 seconds left.\n|inactive|syll0g1sm has 20 seconds left.\n|\n|t:|1735737455\n|move|p2b: Grimmsnarl|Light Screen|p2b: Grimmsnarl\n|-sidestart|p2: sohaib1478|move: Light Screen\n|move|p1a: Lilligant|After You|p1b: Ursaluna\n|-activate|p1b: Ursaluna|move: After You\n|move|p1b: Ursaluna|Headlong Rush|p2a: Archaludon\n|-supereffective|p2a: Archaludon\n|-damage|p2a: Archaludon|22/100\n|-unboost|p1b: Ursaluna|def|1\n|-unboost|p1b: Ursaluna|spd|1\n|-ability|p2a: Archaludon|Stamina|boost\n|-boost|p2a: Archaludon|def|1\n|move|p2a: Archaludon|Flash Cannon|p1a: Lilligant\n|-crit|p1a: Lilligant\n|-damage|p1a: Lilligant|0 fnt\n|faint|p1a: Lilligant\n|\n|-damage|p1b: Ursaluna|57/100 brn|[from] brn\n|upkeep\n|\n|t:|1735737470\n|switch|p1a: Exeggutor|Exeggutor-Alola, L50, M|100/100\n|turn|5\n|\n|t:|1735737488\n|move|p2a: Archaludon|Draco Meteor|p1b: Ursaluna|[miss]\n|-miss|p2a: Archaludon|p1b: Ursaluna\n|move|p2b: Grimmsnarl|Play Rough|p1a: Exeggutor\n|-supereffective|p1a: Exeggutor\n|-damage|p1a: Exeggutor|16/100\n|-enditem|p1a: Exeggutor|Sitrus Berry|[eat]\n|-heal|p1a: Exeggutor|40/100|[from] item: Sitrus Berry\n|move|p1b: Ursaluna|Yawn|p2b: Grimmsnarl\n|-start|p2b: Grimmsnarl|move: Yawn|[of] p1b: Ursaluna\n|move|p1a: Exeggutor|Trick Room|p1a: Exeggutor\n|-fieldstart|move: Trick Room|[of] p1a: Exeggutor\n|\n|-damage|p1b: Ursaluna|51/100 brn|[from] brn\n|upkeep\n|turn|6\n|\n|t:|1735737505\n|move|p1a: Exeggutor|Dragon Pulse|p2a: Archaludon\n|-damage|p2a: Archaludon|0 fnt\n|faint|p2a: Archaludon\n|move|p1b: Ursaluna|Facade|p2b: Grimmsnarl\n|-damage|p2b: Grimmsnarl|0 fnt\n|faint|p2b: Grimmsnarl\n|\n|-damage|p1b: Ursaluna|45/100 brn|[from] brn\n|upkeep\n|\n|t:|1735737513\n|switch|p2b: Incineroar|Incineroar, L50, M|46/100\n|switch|p2a: Ursaluna|Ursaluna, L50, M|100/100\n|-ability|p2b: Incineroar|Intimidate|boost\n|-unboost|p1a: Exeggutor|atk|1\n|-unboost|p1b: Ursaluna|atk|1\n|turn|7\n|\n|t:|1735737532\n|move|p2b: Incineroar|Fake Out|p1a: Exeggutor\n|-damage|p1a: Exeggutor|27/100\n|move|p2a: Ursaluna|Facade|p1b: Ursaluna\n|-damage|p1b: Ursaluna|2/100 brn\n|cant|p1a: Exeggutor|flinch\n|move|p1b: Ursaluna|Facade|p2a: Ursaluna\n|-damage|p2a: Ursaluna|71/100\n|\n|-damage|p1b: Ursaluna|0 fnt|[from] brn\n|faint|p1b: Ursaluna\n|-status|p2a: Ursaluna|brn|[from] item: Flame Orb\n|upkeep\n|\n|t:|1735737545\n|switch|p1b: Torkoal|Torkoal, L50, M|100/100\n|-weather|SunnyDay|[from] ability: Drought|[of] p1b: Torkoal\n|turn|8\n|\n|t:|1735737554\n|move|p2a: Ursaluna|Protect|p2a: Ursaluna\n|-singleturn|p2a: Ursaluna|Protect\n|move|p1b: Torkoal|Eruption|p2a: Ursaluna|[spread] p2b\n|-activate|p2a: Ursaluna|move: Protect\n|-resisted|p2b: Incineroar\n|-damage|p2b: Incineroar|18/100\n|move|p1a: Exeggutor|Dragon Pulse|p2b: Incineroar\n|-crit|p2b: Incineroar\n|-damage|p2b: Incineroar|0 fnt\n|faint|p2b: Incineroar\n|\n|-weather|SunnyDay|[upkeep]\n|-damage|p2a: Ursaluna|65/100 brn|[from] brn\n|-sideend|p2: sohaib1478|Reflect\n|-item|p1a: Exeggutor|Sitrus Berry|[from] ability: Harvest\n|upkeep\n|-enditem|p1a: Exeggutor|Sitrus Berry|[eat]\n|-heal|p1a: Exeggutor|52/100|[from] item: Sitrus Berry\n|turn|9\n|inactive|syll0g1sm has 30 seconds left.\n|\n|t:|1735737588\n|-terastallize|p2a: Ursaluna|Ghost\n|move|p1b: Torkoal|Weather Ball|p2a: Ursaluna\n|-damage|p2a: Ursaluna|22/100 brn\n|move|p2a: Ursaluna|High Horsepower|p1b: Torkoal|[miss]\n|-miss|p2a: Ursaluna|p1b: Torkoal\n|move|p1a: Exeggutor|Dragon Pulse|p2a: Ursaluna\n|-damage|p2a: Ursaluna|0 fnt\n|faint|p2a: Ursaluna\n|\n|win|syll0g1sm\n|raw|syll0g1sm's rating: 1184 &rarr; <strong>1223</strong><br />(+39 for winning)\n|raw|sohaib1478's rating: 1401 &rarr; <strong>1370</strong><br />(-31 for losing)\n|l|\u2606sohaib1478\n|player|p2|\n|l|\u2606syll0g1sm\n|player|p1|\n",
  "uploadtime": 1735737951,
  "views": 20,
  "formatid": "gen9vgc2024regh",
  "rating": 1223,
  "private": 0,
  "password": null
}