{
  "id": "gen9vgc2024regh-2273109915",
  "format": "[Gen 9] VGC 2024 Reg H",
  "players": [
    "ECHO-patrinia",
    "syll0g1sm"
  ],
  "log": "|j|\u2606ECHO-patrinia\n|j|\u2606syll0g1sm\n|t:|1735732403\n|gametype|doubles\n|player|p1|ECHO-patrinia|101|1078\n|player|p2|syll0g1sm|1|1112\n|teamsize|p1|6\n|teamsize|p2|6\n|gen|9\n|tier|[Gen 9] VGC 2024 Reg H\n|rated|\n|rule|Species Clause: Limit one of each Pok\u00e9mon\n|rule|Item Clause: Limit 1 of each item\n|clearpoke\n|poke|p1|Swanna, L50, F|\n|poke|p1|Emboar, L50, M|\n|poke|p1|Milotic, L50, M|\n|poke|p1|Farigiraf, L50, F|\n|poke|p1|Blissey, L50, F|\n|poke|p1|Stantler, L50, M|\n|poke|p2|Ursaluna, L50, M|\n|poke|p2|Exeggutor-Alola, L50, F|\n|poke|p2|Torkoal, L50, F|\n|poke|p2|Lilligant-Hisui, L50, F|\n|poke|p2|Sableye, L50, F|\n|poke|p2|Gallade, L50, M|\n|teampreview|4\n|\n|t:|1735732450\n|start\n|switch|p1a: Swanna|Swanna, L50, F|100/100\n|switch|p1b: Stantler|Stantler, L50, M|100/100\n|switch|p2a: Exeggutor|Exeggutor-Alola, L50, F|100/100\n|switch|p2b: Ursaluna|Ursaluna, L50, M|100/100\n|-ability|p1b: Stantler|Intimidate|boost\n|-unboost|p2a: Exeggutor|atk|1\n|-unboost|p2b: Ursaluna|atk|1\n|turn|1\n|\n|t:|1735732477\n|switch|p2b: Sableye|Sableye, L50, F|100/100\n|move|p2a: Exeggutor|Protect|p2a: Exeggutor\n|-singleturn|p2a: Exeggutor|Protect\n|move|p1a: Swanna|Tailwind|p1a: Swanna\n|-sidestart|p1: ECHO-patrinia|move: Tailwind\n|move|p1b: Stantler|Gravity|p1b: Stantler\n|-fieldstart|move: Gravity\n|\n|upkeep\n|turn|2\n|\n|t:|1735732515\n|switch|p1a: Blissey|Blissey, L50, F|100/100\n|move|p2b: Sableye|Encore||[still]\n|-fail|p2b: Sableye\n|move|p1b: Stantler|Hypnosis|p2b: Sableye\n|-status|p2b: Sableye|slp|[from] move: Hypnosis\n|move|p2a: Exeggutor|Trick Room|p2a: Exeggutor\n|-fieldstart|move: Trick Room|[of] p2a: Exeggutor\n|\n|upkeep\n|turn|3\n|\n|t:|1735732544\n|switch|p2a: Ursaluna|Ursaluna, L50, M|100/100\n|cant|p2b: Sableye|slp\n|move|p1a: Blissey|Ice Beam|p2a: Ursaluna\n|-supereffective|p2a: Ursaluna\n|-damage|p2a: Ursaluna|60/100\n|move|p1b: Stantler|Reflect|p1b: Stantler\n|-sidestart|p1: ECHO-patrinia|Reflect\n|\n|-status|p2a: Ursaluna|brn|[from] item: Flame Orb\n|upkeep\n|turn|4\n|\n|t:|1735732565\n|-terastallize|p1a: Blissey|Ghost\n|-curestatus|p2b: Sableye|slp|[msg]\n|move|p2b: Sableye|Encore|p1b: Stantler\n|-start|p1b: Stantler|Encore\n|move|p2a: Ursaluna|Facade|p1a: Blissey\n|-immune|p1a: Blissey\n|move|p1a: Blissey|Ice Beam|p2a: Ursaluna\n|-supereffective|p2a: Ursaluna\n|-damage|p2a: Ursaluna|20/100 brn\n|move|p1b: Stantler|Reflect||[still]\n|-fail|p1b: Stantler\n|\n|-damage|p2a: Ursaluna|14/100 brn|[from] brn\n|-sideend|p1: ECHO-patrinia|move: Tailwind\n|upkeep\n|turn|5\n|\n|t:|1735732586\n|switch|p2b: Gallade|Gallade, L50, M|100/100\n|switch|p1a: Swanna|Swanna, L50, F|100/100\n|switch|p1b: Milotic|Milotic, L50, M|100/100\n|move|p2a: Ursaluna|Headlong Rush|p1a: Swanna\n|-enditem|p1a: Swanna|Focus Sash\n|-damage|p1a: Swanna|1/100\n|-unboost|p2a: Ursaluna|def|1\n|-unboost|p2a: Ursaluna|spd|1\n|\n|-damage|p2a: Ursaluna|9/100 brn|[from] brn\n|-fieldend|move: Gravity\n|upkeep\n|turn|6\n|\n|t:|1735732610\n|switch|p1b: Stantler|Stantler, L50, M|100/100\n|-ability|p1b: Stantler|Intimidate|boost\n|-unboost|p2a: Ursaluna|atk|1\n|-unboost|p2b: Gallade|atk|1\n|move|p1a: Swanna|Protect|p1a: Swanna\n|-singleturn|p1a: Swanna|Protect\n|move|p2a: Ursaluna|Facade|p1b: Stantler\n|-damage|p1b: Stantler|64/100\n|move|p2b: Gallade|Sacred Sword|p1a: Swanna\n|-activate|p1a: Swanna|move: Protect\n|\n|-damage|p2a: Ursaluna|3/100 brn|[from] brn\n|-fieldend|move: Trick Room\n|upkeep\n|turn|7\n|\n|t:|1735732635\n|move|p1a: Swanna|Tailwind|p1a: Swanna\n|-sidestart|p1: ECHO-patrinia|move: Tailwind\n|move|p1b: Stantler|Gravity|p1b: Stantler\n|-fieldstart|move: Gravity\n|move|p2b: Gallade|Sacred Sword|p1b: Stantler\n|-supereffective|p1b: Stantler\n|-damage|p1b: Stantler|0 fnt\n|faint|p1b: Stantler\n|move|p2a: Ursaluna|Facade|p1a: Swanna\n|-damage|p1a: Swanna|0 fnt\n|faint|p1a: Swanna\n|\n|-damage|p2a: Ursaluna|0 fnt|[from] brn\n|faint|p2a: Ursaluna\n|-sideend|p1: ECHO-patrinia|Reflect\n|upkeep\n|\n|t:|1735732651\n|switch|p1a: Blissey|Blissey, L50, F, tera:Ghost|100/100\n|switch|p1b: Milotic|Milotic, L50, M|100/100\n|switch|p2a: Exeggutor|Exeggutor-Alola, L50, F|100/100\n|turn|8\n|\n|t:|1735732700\n|switch|p2b: Sableye|Sableye, L50, F|100/100\n|move|p2a: Exeggutor|Protect|p2a: Exeggutor\n|-singleturn|p2a: Exeggutor|Protect\n|move|p1b: Milotic|Muddy Water|p2b: Sableye|[spread] p2b\n|-activate|p2a: Exeggutor|move: Protect\n|-damage|p2b: Sableye|64/100\n|-enditem|p2b: Sableye|Eject Button\n|\n|t:|1735732713\n|switch|p2b: Gallade|Gallade, L50, M|100/100\n|move|p1a: Blissey|Ice Beam|p2a: Exeggutor\n|-activate|p2a: Exeggutor|move: Protect\n|\n|upkeep\n|turn|9\n|\n|t:|1735732741\n|-terastallize|p2a: Exeggutor|Water\n|move|p1b: Milotic|Icy Wind|p2b: Gallade|[spread] p2a,p2b\n|-resisted|p2a: Exeggutor\n|-damage|p2a: Exeggutor|95/100\n|-damage|p2b: Gallade|91/100\n|-unboost|p2a: Exeggutor|spe|1\n|-unboost|p2b: Gallade|spe|1\n|move|p1a: Blissey|Thunder|p2b: Gallade\n|-damage|p2b: Gallade|64/100\n|-status|p2b: Gallade|par\n|move|p2a: Exeggutor|Calm Mind|p2a: Exeggutor\n|-boost|p2a: Exeggutor|spa|1\n|-boost|p2a: Exeggutor|spd|1\n|cant|p2b: Gallade|par\n|\n|upkeep\n|turn|10\n|\n|t:|1735732772\n|move|p1b: Milotic|Muddy Water|p2a: Exeggutor|[spread] p2a,p2b\n|-resisted|p2a: Exeggutor\n|-damage|p2a: Exeggutor|85/100\n|-damage|p2b: Gallade|39/100 par\n|move|p1a: Blissey|Thunder|p2a: Exeggutor\n|-supereffective|p2a: Exeggutor\n|-damage|p2a: Exeggutor|45/100\n|-enditem|p2a: Exeggutor|Sitrus Berry|[eat]\n|-heal|p2a: Exeggutor|70/100|[from] item: Sitrus Berry\n|move|p2b: Gallade|Psycho Cut|p1a: Blissey\n|-crit|p1a: Blissey\n|-damage|p1a: Blissey|0 fnt\n|faint|p1a: Blissey\n|move|p2a: Exeggutor|Trick Room|p2a: Exeggutor\n|-fieldstart|move: Trick Room|[of] p2a: Exeggutor\n|\n|-sideend|p1: ECHO-patrinia|move: Tailwind\n|-item|p2a: Exeggutor|Sitrus Berry|[from] ability: Harvest\n|upkeep\n|turn|11\n|\n|t:|1735732794\n|move|p2b: Gallade|Psycho Cut|p1b: Milotic\n|-damage|p1b: Milotic|23/100\n|move|p2a: Exeggutor|Dragon Pulse|p1b: Milotic\n|-damage|p1b: Milotic|0 fnt\n|faint|p1b: Milotic\n|\n|win|syll0g1sm\n|raw|ECHO-patrinia's rating: 1078 &rarr; <strong>1058</strong><br />(-20 for losing)\n|raw|syll0g1sm's rating: 1112 &rarr; <strong>1135</strong><br />(+23 for winning)\n|l|\u2606ECHO-patrinia\n|player|p1|\n|l|\u2606syll0g1sm\n|player|p2|\n",
  "uploadtime": 1735733081,
  "views": 488,
  "formatid": "gen9vgc2024regh",
  "rating": 1058,
  "private": 0,
  "password": null
}