{
  "id": "gen9vgc2024regh-2273155913",
  "format": "[Gen 9] VGC 2024 Reg H",
  "players": [
    "aertuluo",
    "Magyurosai"
  ],
  "log": "|j|\u2606aertuluo\n|j|\u2606Magyurosai\n|t:|1735741978\n|gametype|doubles\n|player|p1|aertuluo|maid|1499\n|player|p2|Magyurosai|266|1418\n|teamsize|p1|6\n|teamsize|p2|6\n|gen|9\n|tier|[Gen 9] VGC 2024 Reg H\n|rated|\n|rule|Species Clause: Limit one of each Pok\u00e9mon\n|rule|Item Clause: Limit 1 of each item\n|clearpoke\n|poke|p1|Incineroar, L50, M|\n|poke|p1|Amoonguss, L50, M|\n|poke|p1|Pelipper, L50, F|\n|poke|p1|Basculegion, L50, M|\n|poke|p1|Archaludon, L50, M|\n|poke|p1|Gengar, L50, F|\n|poke|p2|Ursaluna, L50, F|\n|poke|p2|Indeedee-F, L50, F|\n|poke|p2|Sinistcha, L50|\n|poke|p2|Incineroar, L50, F|\n|poke|p2|Goodra-Hisui, L50, M|\n|poke|p2|Slowking, L50, F|\n|teampreview|4\n|inactive|Battle timer is ON: inactive players will automatically lose when time's up. (requested by aertuluo)\n|\n|t:|1735742009\n|start\n|switch|p1a: \u963f\u4f0a\u963f\u4f0a\u963f\u4f0a\u963f\u4f0a\u5440|Incineroar, L50, M|100/100\n|switch|p1b: \u6211\u606d\u559c\u4f60\u7cbe\u5f69|Pelipper, L50, F|100/100\n|switch|p2a: Goodra|Goodra-Hisui, L50, M|100/100\n|switch|p2b: Sinistcha|Sinistcha, L50|100/100\n|-weather|RainDance|[from] ability: Drizzle|[of] p1b: \u6211\u606d\u559c\u4f60\u7cbe\u5f69\n|-ability|p1a: \u963f\u4f0a\u963f\u4f0a\u963f\u4f0a\u963f\u4f0a\u5440|Intimidate|boost\n|-unboost|p2a: Goodra|atk|1\n|-unboost|p2b: Sinistcha|atk|1\n|turn|1\n|\n|t:|1735742024\n|switch|p2b: Incineroar|Incineroar, L50, F|100/100\n|-ability|p2b: Incineroar|Intimidate|boost\n|-unboost|p1a: \u963f\u4f0a\u963f\u4f0a\u963f\u4f0a\u963f\u4f0a\u5440|atk|1\n|-unboost|p1b: \u6211\u606d\u559c\u4f60\u7cbe\u5f69|atk|1\n|move|p1a: \u963f\u4f0a\u963f\u4f0a\u963f\u4f0a\u963f\u4f0a\u5440|Fake Out|p2a: Goodra\n|-resisted|p2a: Goodra\n|-damage|p2a: Goodra|98/100\n|move|p1b: \u6211\u606d\u559c\u4f60\u7cbe\u5f69|Hurricane|p2b: Incineroar\n|-damage|p2b: Incineroar|69/100\n|cant|p2a: Goodra|flinch\n|\n|-weather|RainDance|[upkeep]\n|-heal|p2a: Goodra|100/100|[from] item: Leftovers\n|upkeep\n|turn|2\n|inactive|Magyurosai has 30 seconds left.\n|\n|t:|1735742057\n|move|p2b: Incineroar|Fake Out|p1b: \u6211\u606d\u559c\u4f60\u7cbe\u5f69\n|-damage|p1b: \u6211\u606d\u559c\u4f60\u7cbe\u5f69|84/100\n|cant|p1b: \u6211\u606d\u559c\u4f60\u7cbe\u5f69|flinch\n|move|p2a: Goodra|Acid Armor|p2a: Goodra\n|-boost|p2a: Goodra|def|2\n|move|p1a: \u963f\u4f0a\u963f\u4f0a\u963f\u4f0a\u963f\u4f0a\u5440|Parting Shot|p2a: Goodra\n|-unboost|p2a: Goodra|atk|1\n|-unboost|p2a: Goodra|spa|1\n|\n|t:|1735742066\n|switch|p1a: \u4e0d\u597d\u7684\u8bf7\u8d70\u5f00|Archaludon, L50, M|100/100|[from] Parting Shot\n|\n|-weather|RainDance|[upkeep]\n|upkeep\n|turn|3\n|\n|t:|1735742090\n|switch|p1b: \u963f\u4f0a\u963f\u4f0a\u963f\u4f0a\u963f\u4f0a\u5440|Incineroar, L50, M|100/100\n|-ability|p1b: \u963f\u4f0a\u963f\u4f0a\u963f\u4f0a\u963f\u4f0a\u5440|Intimidate|boost\n|-unboost|p2a: Goodra|atk|1\n|-unboost|p2b: Incineroar|atk|1\n|switch|p2b: Slowking|Slowking, L50, F|100/100\n|move|p1a: \u4e0d\u597d\u7684\u8bf7\u8d70\u5f00|Electro Shot||[still]\n|-prepare|p1a: \u4e0d\u597d\u7684\u8bf7\u8d70\u5f00|Electro Shot\n|-boost|p1a: \u4e0d\u597d\u7684\u8bf7\u8d70\u5f00|spa|1\n|-anim|p1a: \u4e0d\u597d\u7684\u8bf7\u8d70\u5f00|Electro Shot|p2b: Slowking\n|-supereffective|p2b: Slowking\n|-crit|p2b: Slowking\n|-damage|p2b: Slowking|0 fnt\n|faint|p2b: Slowking\n|move|p2a: Goodra|Thunderbolt|p1b: \u963f\u4f0a\u963f\u4f0a\u963f\u4f0a\u963f\u4f0a\u5440\n|-damage|p1b: \u963f\u4f0a\u963f\u4f0a\u963f\u4f0a\u963f\u4f0a\u5440|90/100\n|\n|-weather|RainDance|[upkeep]\n|upkeep\n|\n|t:|1735742097\n|switch|p2b: Sinistcha|Sinistcha, L50|100/100\n|turn|4\n|\n|t:|1735742113\n|move|p1b: \u963f\u4f0a\u963f\u4f0a\u963f\u4f0a\u963f\u4f0a\u5440|Fake Out|p2a: Goodra\n|-resisted|p2a: Goodra\n|-damage|p2a: Goodra|98/100\n|move|p1a: \u4e0d\u597d\u7684\u8bf7\u8d70\u5f00|Snarl|p2a: Goodra|[spread] p2a,p2b\n|-supereffective|p2b: Sinistcha\n|-damage|p2a: Goodra|82/100\n|-damage|p2b: Sinistcha|46/100\n|-unboost|p2a: Goodra|spa|1\n|-unboost|p2b: Sinistcha|spa|1\n|-enditem|p2b: Sinistcha|Sitrus Berry|[eat]\n|-heal|p2b: Sinistcha|71/100|[from] item: Sitrus Berry\n|move|p2b: Sinistcha|Strength Sap|p1b: \u963f\u4f0a\u963f\u4f0a\u963f\u4f0a\u963f\u4f0a\u5440\n|-unboost|p1b: \u963f\u4f0a\u963f\u4f0a\u963f\u4f0a\u963f\u4f0a\u5440|atk|1\n|-heal|p2b: Sinistcha|100/100\n|cant|p2a: Goodra|flinch\n|\n|-weather|RainDance|[upkeep]\n|-heal|p2a: Goodra|88/100|[from] item: Leftovers\n|upkeep\n|turn|5\n|\n|t:|1735742133\n|switch|p2b: Incineroar|Incineroar, L50, F|69/100\n|-ability|p2b: Incineroar|Intimidate|boost\n|-unboost|p1a: \u4e0d\u597d\u7684\u8bf7\u8d70\u5f00|atk|1\n|-unboost|p1b: \u963f\u4f0a\u963f\u4f0a\u963f\u4f0a\u963f\u4f0a\u5440|atk|1\n|move|p1a: \u4e0d\u597d\u7684\u8bf7\u8d70\u5f00|Snarl|p2a: Goodra|[spread] p2a,p2b\n|-resisted|p2b: Incineroar\n|-damage|p2a: Goodra|74/100\n|-damage|p2b: Incineroar|63/100\n|-unboost|p2a: Goodra|spa|1\n|-unboost|p2b: Incineroar|spa|1\n|move|p2a: Goodra|Acid Armor|p2a: Goodra\n|-boost|p2a: Goodra|def|2\n|move|p1b: \u963f\u4f0a\u963f\u4f0a\u963f\u4f0a\u963f\u4f0a\u5440|Parting Shot|p2a: Goodra\n|-unboost|p2a: Goodra|atk|1\n|-unboost|p2a: Goodra|spa|1\n|\n|t:|1735742153\n|switch|p1b: \u6211\u606d\u559c\u4f60\u7cbe\u5f69|Pelipper, L50, F|84/100|[from] Parting Shot\n|\n|-weather|none\n|-heal|p2a: Goodra|80/100|[from] item: Leftovers\n|upkeep\n|turn|6\n|\n|t:|1735742161\n|switch|p1b: \u963f\u4f0a\u963f\u4f0a\u963f\u4f0a\u963f\u4f0a\u5440|Incineroar, L50, M|90/100\n|-ability|p1b: \u963f\u4f0a\u963f\u4f0a\u963f\u4f0a\u963f\u4f0a\u5440|Intimidate|boost\n|-unboost|p2a: Goodra|atk|1\n|-unboost|p2b: Incineroar|atk|1\n|switch|p2b: Sinistcha|Sinistcha, L50|100/100\n|-heal|p2a: Goodra|100/100|[from] ability: Hospitality|[of] p2b: Sinistcha\n|move|p1a: \u4e0d\u597d\u7684\u8bf7\u8d70\u5f00|Snarl|p2a: Goodra|[spread] p2a,p2b\n|-supereffective|p2b: Sinistcha\n|-damage|p2a: Goodra|84/100\n|-damage|p2b: Sinistcha|47/100\n|-unboost|p2a: Goodra|spa|1\n|-unboost|p2b: Sinistcha|spa|1\n|move|p2a: Goodra|Body Press|p1a: \u4e0d\u597d\u7684\u8bf7\u8d70\u5f00\n|-supereffective|p1a: \u4e0d\u597d\u7684\u8bf7\u8d70\u5f00\n|-damage|p1a: \u4e0d\u597d\u7684\u8bf7\u8d70\u5f00|0 fnt\n|faint|p1a: \u4e0d\u597d\u7684\u8bf7\u8d70\u5f00\n|\n|-heal|p2a: Goodra|90/100|[from] item: Leftovers\n|upkeep\n|\n|t:|1735742179\n|switch|p1a: \u6211\u606d\u559c\u4f60\u7cbe\u5f69|Pelipper, L50, F|84/100\n|-weather|RainDance|[from] ability: Drizzle|[of] p1a: \u6211\u606d\u559c\u4f60\u7cbe\u5f69\n|turn|7\n|\n|t:|1735742189\n|switch|p2b: Incineroar|Incineroar, L50, F|63/100\n|-ability|p2b: Incineroar|Intimidate|boost\n|-unboost|p1a: \u6211\u606d\u559c\u4f60\u7cbe\u5f69|atk|1\n|-unboost|p1b: \u963f\u4f0a\u963f\u4f0a\u963f\u4f0a\u963f\u4f0a\u5440|atk|1\n|move|p1a: \u6211\u606d\u559c\u4f60\u7cbe\u5f69|Tailwind|p1a: \u6211\u606d\u559c\u4f60\u7cbe\u5f69\n|-sidestart|p1: aertuluo|move: Tailwind\n|move|p1b: \u963f\u4f0a\u963f\u4f0a\u963f\u4f0a\u963f\u4f0a\u5440|Will-O-Wisp|p2a: Goodra\n|-status|p2a: Goodra|brn\n|move|p2a: Goodra|Life Dew|p2a: Goodra|[spread] p2a,p2b\n|-heal|p2a: Goodra|100/100 brn\n|-heal|p2b: Incineroar|88/100\n|\n|-weather|RainDance|[upkeep]\n|-damage|p2a: Goodra|95/100 brn|[from] brn\n|upkeep\n|turn|8\n|inactive|Magyurosai has 30 seconds left.\n|\n|t:|1735742220\n|switch|p1a: \u6700\u597d\u7684\u8bf7\u8fc7\u6765|Basculegion, L50, M|100/100\n|move|p2b: Incineroar|Fake Out|p1a: \u6700\u597d\u7684\u8bf7\u8fc7\u6765\n|-immune|p1a: \u6700\u597d\u7684\u8bf7\u8fc7\u6765\n|move|p1b: \u963f\u4f0a\u963f\u4f0a\u963f\u4f0a\u963f\u4f0a\u5440|Parting Shot|p2a: Goodra\n|-unboost|p2a: Goodra|atk|1\n|-unboost|p2a: Goodra|spa|1\n|\n|t:|1735742227\n|switch|p1b: \u6211\u606d\u559c\u4f60\u7cbe\u5f69|Pelipper, L50, F|84/100|[from] Parting Shot\n|move|p2a: Goodra|Acid Armor|p2a: Goodra\n|-boost|p2a: Goodra|def|2\n|\n|-weather|RainDance|[upkeep]\n|-heal|p2a: Goodra|100/100 brn|[from] item: Leftovers\n|-damage|p2a: Goodra|95/100 brn|[from] brn\n|upkeep\n|turn|9\n|\n|t:|1735742238\n|switch|p2b: Sinistcha|Sinistcha, L50|47/100\n|-heal|p2a: Goodra|100/100 brn|[from] ability: Hospitality|[of] p2b: Sinistcha\n|move|p1a: \u6700\u597d\u7684\u8bf7\u8fc7\u6765|Wave Crash|p2b: Sinistcha\n|-resisted|p2b: Sinistcha\n|-damage|p2b: Sinistcha|0 fnt\n|faint|p2b: Sinistcha\n|-damage|p1a: \u6700\u597d\u7684\u8bf7\u8fc7\u6765|89/100|[from] Recoil\n|-damage|p1a: \u6700\u597d\u7684\u8bf7\u8fc7\u6765|79/100|[from] item: Life Orb\n|move|p1b: \u6211\u606d\u559c\u4f60\u7cbe\u5f69|Hurricane|p2a: Goodra\n|-resisted|p2a: Goodra\n|-damage|p2a: Goodra|84/100 brn\n|-start|p2a: Goodra|confusion\n|-activate|p2a: Goodra|confusion\n|-damage|p2a: Goodra|84/100 brn|[from] confusion\n|\n|-weather|RainDance|[upkeep]\n|-heal|p2a: Goodra|90/100 brn|[from] item: Leftovers\n|-damage|p2a: Goodra|84/100 brn|[from] brn\n|upkeep\n|\n|t:|1735742251\n|switch|p2b: Incineroar|Incineroar, L50, F|88/100\n|-ability|p2b: Incineroar|Intimidate|boost\n|-unboost|p1a: \u6700\u597d\u7684\u8bf7\u8fc7\u6765|atk|1\n|-unboost|p1b: \u6211\u606d\u559c\u4f60\u7cbe\u5f69|atk|1\n|turn|10\n|\n|t:|1735742262\n|switch|p1a: \u963f\u4f0a\u963f\u4f0a\u963f\u4f0a\u963f\u4f0a\u5440|Incineroar, L50, M|90/100\n|-ability|p1a: \u963f\u4f0a\u963f\u4f0a\u963f\u4f0a\u963f\u4f0a\u5440|Intimidate|boost\n|-unboost|p2a: Goodra|atk|0\n|-unboost|p2b: Incineroar|atk|1\n|-terastallize|p2b: Incineroar|Water\n|move|p1b: \u6211\u606d\u559c\u4f60\u7cbe\u5f69|Weather Ball|p2b: Incineroar\n|-resisted|p2b: Incineroar\n|-damage|p2b: Incineroar|66/100\n|move|p2b: Incineroar|Knock Off|p1a: \u963f\u4f0a\u963f\u4f0a\u963f\u4f0a\u963f\u4f0a\u5440\n|-resisted|p1a: \u963f\u4f0a\u963f\u4f0a\u963f\u4f0a\u963f\u4f0a\u5440\n|-damage|p1a: \u963f\u4f0a\u963f\u4f0a\u963f\u4f0a\u963f\u4f0a\u5440|74/100\n|-enditem|p1a: \u963f\u4f0a\u963f\u4f0a\u963f\u4f0a\u963f\u4f0a\u5440|Safety Goggles|[from] move: Knock Off|[of] p2b: Incineroar\n|-activate|p2a: Goodra|confusion\n|-damage|p2a: Goodra|83/100 brn|[from] confusion\n|\n|-weather|RainDance|[upkeep]\n|-heal|p2a: Goodra|89/100 brn|[from] item: Leftovers\n|-damage|p2a: Goodra|83/100 brn|[from] brn\n|-sideend|p1: aertuluo|move: Tailwind\n|upkeep\n|turn|11\n|inactive|Magyurosai has 30 seconds left.\n|inactive|aertuluo has 30 seconds left.\n|\n|t:|1735742298\n|move|p1b: \u6211\u606d\u559c\u4f60\u7cbe\u5f69|Hurricane|p2b: Incineroar\n|-damage|p2b: Incineroar|38/100\n|move|p2b: Incineroar|Knock Off|p1a: \u963f\u4f0a\u963f\u4f0a\u963f\u4f0a\u963f\u4f0a\u5440\n|-resisted|p1a: \u963f\u4f0a\u963f\u4f0a\u963f\u4f0a\u963f\u4f0a\u5440\n|-damage|p1a: \u963f\u4f0a\u963f\u4f0a\u963f\u4f0a\u963f\u4f0a\u5440|63/100\n|-activate|p2a: Goodra|confusion\n|-damage|p2a: Goodra|83/100 brn|[from] confusion\n|move|p1a: \u963f\u4f0a\u963f\u4f0a\u963f\u4f0a\u963f\u4f0a\u5440|Will-O-Wisp|p2b: Incineroar\n|-status|p2b: Incineroar|brn\n|\n|-weather|none\n|-heal|p2a: Goodra|89/100 brn|[from] item: Leftovers\n|-damage|p2b: Incineroar|32/100 brn|[from] brn\n|-damage|p2a: Goodra|83/100 brn|[from] brn\n|upkeep\n|turn|12\n|\n|t:|1735742316\n|switch|p1b: \u6700\u597d\u7684\u8bf7\u8fc7\u6765|Basculegion, L50, M|79/100\n|move|p2b: Incineroar|Drain Punch|p1a: \u963f\u4f0a\u963f\u4f0a\u963f\u4f0a\u963f\u4f0a\u5440\n|-supereffective|p1a: \u963f\u4f0a\u963f\u4f0a\u963f\u4f0a\u963f\u4f0a\u5440\n|-damage|p1a: \u963f\u4f0a\u963f\u4f0a\u963f\u4f0a\u963f\u4f0a\u5440|49/100\n|-heal|p2b: Incineroar|40/100 brn|[from] drain|[of] p1a: \u963f\u4f0a\u963f\u4f0a\u963f\u4f0a\u963f\u4f0a\u5440\n|-activate|p2a: Goodra|confusion\n|move|p2a: Goodra|Life Dew|p2a: Goodra|[spread] p2a,p2b\n|-heal|p2a: Goodra|100/100 brn\n|-heal|p2b: Incineroar|65/100 brn\n|move|p1a: \u963f\u4f0a\u963f\u4f0a\u963f\u4f0a\u963f\u4f0a\u5440|Knock Off|p2a: Goodra\n|-damage|p2a: Goodra|94/100 brn\n|-enditem|p2a: Goodra|Leftovers|[from] move: Knock Off|[of] p1a: \u963f\u4f0a\u963f\u4f0a\u963f\u4f0a\u963f\u4f0a\u5440\n|\n|-damage|p2b: Incineroar|59/100 brn|[from] brn\n|-damage|p2a: Goodra|88/100 brn|[from] brn\n|upkeep\n|turn|13\n|\n|t:|1735742334\n|move|p1b: \u6700\u597d\u7684\u8bf7\u8fc7\u6765|Protect|p1b: \u6700\u597d\u7684\u8bf7\u8fc7\u6765\n|-singleturn|p1b: \u6700\u597d\u7684\u8bf7\u8fc7\u6765|Protect\n|move|p2b: Incineroar|Knock Off|p1b: \u6700\u597d\u7684\u8bf7\u8fc7\u6765\n|-activate|p1b: \u6700\u597d\u7684\u8bf7\u8fc7\u6765|move: Protect\n|move|p1a: \u963f\u4f0a\u963f\u4f0a\u963f\u4f0a\u963f\u4f0a\u5440|Parting Shot|p2b: Incineroar\n|-unboost|p2b: Incineroar|atk|1\n|-unboost|p2b: Incineroar|spa|1\n|\n|t:|1735742341\n|switch|p1a: \u6211\u606d\u559c\u4f60\u7cbe\u5f69|Pelipper, L50, F|84/100|[from] Parting Shot\n|-weather|RainDance|[from] ability: Drizzle|[of] p1a: \u6211\u606d\u559c\u4f60\u7cbe\u5f69\n|-end|p2a: Goodra|confusion\n|move|p2a: Goodra|Life Dew|p2a: Goodra|[spread] p2a,p2b\n|-heal|p2a: Goodra|100/100 brn\n|-heal|p2b: Incineroar|84/100 brn\n|\n|-weather|RainDance|[upkeep]\n|-damage|p2b: Incineroar|78/100 brn|[from] brn\n|-damage|p2a: Goodra|95/100 brn|[from] brn\n|upkeep\n|turn|14\n|\n|t:|1735742358\n|move|p1b: \u6700\u597d\u7684\u8bf7\u8fc7\u6765|Last Respects|p2b: Incineroar\n|-damage|p2b: Incineroar|12/100 brn\n|-damage|p1b: \u6700\u597d\u7684\u8bf7\u8fc7\u6765|69/100|[from] item: Life Orb\n|move|p1a: \u6211\u606d\u559c\u4f60\u7cbe\u5f69|Hurricane|p2b: Incineroar\n|-damage|p2b: Incineroar|0 fnt\n|faint|p2b: Incineroar\n|move|p2a: Goodra|Thunderbolt|p1a: \u6211\u606d\u559c\u4f60\u7cbe\u5f69\n|-supereffective|p1a: \u6211\u606d\u559c\u4f60\u7cbe\u5f69\n|-damage|p1a: \u6211\u606d\u559c\u4f60\u7cbe\u5f69|40/100\n|-status|p1a: \u6211\u606d\u559c\u4f60\u7cbe\u5f69|par\n|\n|-weather|RainDance|[upkeep]\n|-damage|p2a: Goodra|89/100 brn|[from] brn\n|upkeep\n|turn|15\n|\n|t:|1735742383\n|switch|p1a: \u963f\u4f0a\u963f\u4f0a\u963f\u4f0a\u963f\u4f0a\u5440|Incineroar, L50, M|49/100\n|-ability|p1a: \u963f\u4f0a\u963f\u4f0a\u963f\u4f0a\u963f\u4f0a\u5440|Intimidate|boost\n|-unboost|p2a: Goodra|atk|0\n|move|p1b: \u6700\u597d\u7684\u8bf7\u8fc7\u6765|Last Respects|p2a: Goodra\n|-damage|p2a: Goodra|76/100 brn\n|-damage|p1b: \u6700\u597d\u7684\u8bf7\u8fc7\u6765|60/100|[from] item: Life Orb\n|move|p2a: Goodra|Life Dew|p2a: Goodra\n|-heal|p2a: Goodra|100/100 brn\n|\n|-weather|RainDance|[upkeep]\n|-damage|p2a: Goodra|95/100 brn|[from] brn\n|upkeep\n|turn|16\n|\n|t:|1735742396\n|move|p1a: \u963f\u4f0a\u963f\u4f0a\u963f\u4f0a\u963f\u4f0a\u5440|Fake Out|p2a: Goodra\n|-resisted|p2a: Goodra\n|-damage|p2a: Goodra|94/100 brn\n|move|p1b: \u6700\u597d\u7684\u8bf7\u8fc7\u6765|Last Respects|p2a: Goodra\n|-damage|p2a: Goodra|80/100 brn\n|-damage|p1b: \u6700\u597d\u7684\u8bf7\u8fc7\u6765|50/100|[from] item: Life Orb\n|cant|p2a: Goodra|flinch\n|\n|-weather|RainDance|[upkeep]\n|-damage|p2a: Goodra|74/100 brn|[from] brn\n|upkeep\n|turn|17\n|\n|t:|1735742413\n|move|p1b: \u6700\u597d\u7684\u8bf7\u8fc7\u6765|Protect|p1b: \u6700\u597d\u7684\u8bf7\u8fc7\u6765\n|-singleturn|p1b: \u6700\u597d\u7684\u8bf7\u8fc7\u6765|Protect\n|move|p1a: \u963f\u4f0a\u963f\u4f0a\u963f\u4f0a\u963f\u4f0a\u5440|Knock Off|p2a: Goodra\n|-damage|p2a: Goodra|69/100 brn\n|move|p2a: Goodra|Body Press|p1a: \u963f\u4f0a\u963f\u4f0a\u963f\u4f0a\u963f\u4f0a\u5440\n|-supereffective|p1a: \u963f\u4f0a\u963f\u4f0a\u963f\u4f0a\u963f\u4f0a\u5440\n|-damage|p1a: \u963f\u4f0a\u963f\u4f0a\u963f\u4f0a\u963f\u4f0a\u5440|0 fnt\n|faint|p1a: \u963f\u4f0a\u963f\u4f0a\u963f\u4f0a\u963f\u4f0a\u5440\n|\n|-weather|none\n|-damage|p2a: Goodra|63/100 brn|[from] brn\n|upkeep\n|\n|t:|1735742421\n|switch|p1a: \u6211\u606d\u559c\u4f60\u7cbe\u5f69|Pelipper, L50, F|40/100 par\n|-weather|RainDance|[from] ability: Drizzle|[of] p1a: \u6211\u606d\u559c\u4f60\u7cbe\u5f69\n|turn|18\n|\n|t:|1735742435\n|move|p1b: \u6700\u597d\u7684\u8bf7\u8fc7\u6765|Last Respects|p2a: Goodra\n|-crit|p2a: Goodra\n|-damage|p2a: Goodra|0 fnt\n|faint|p2a: Goodra\n|-damage|p1b: \u6700\u597d\u7684\u8bf7\u8fc7\u6765|40/100|[from] item: Life Orb\n|\n|win|aertuluo\n|raw|aertuluo's rating: 1499 &rarr; <strong>1514</strong><br />(+15 for winning)\n|raw|Magyurosai's rating: 1418 &rarr; <strong>1403</strong><br />(-15 for losing)\n|l|\u2606Magyurosai\n|player|p2|\n|l|\u2606aertuluo\n|player|p1|\n",
  "uploadtime": 1735742797,
  "views": 132,
  "formatid": "gen9vgc2024regh",
  "rating": 1403,
  "private": 0,
  "password": null
}