{
  "id": "gen9vgc2024regh-2273220755",
  "format": "[Gen 9] VGC 2024 Reg H",
  "players": [
    "lolchair",
    "DCJZ"
  ],
  "log": "|j|\u2606lolchair\n|j|\u2606DCJZ\n|t:|1735751932\n|gametype|doubles\n|player|p1|lolchair|102|1375\n|player|p2|DCJZ|ethan|1465\n|teamsize|p1|6\n|teamsize|p2|6\n|gen|9\n|tier|[Gen 9] VGC 2024 Reg H\n|rated|\n|rule|Species Clause: Limit one of each Pok\u00e9mon\n|rule|Item Clause: Limit 1 of each item\n|clearpoke\n|poke|p1|Ursaluna-Bloodmoon, L50, M|\n|poke|p1|Porygon2, L50|\n|poke|p1|Amoonguss, L50, M|\n|poke|p1|Incineroar, L50, M|\n|poke|p1|Sneasler, L50, F|\n|poke|p1|Gastrodon, L50, F|\n|poke|p2|Annihilape, L50, M|\n|poke|p2|Meowscarada, L50, M|\n|poke|p2|Skeledirge, L50, F|\n|poke|p2|Flamigo, L50, M|\n|poke|p2|Porygon2, L50|\n|poke|p2|Archaludon, L50, F|\n|teampreview|4\n|inactive|Battle timer is ON: inactive players will automatically lose when time's up. (requested by lolchair)\n|inactive|DCJZ has 60 seconds left.\n|inactive|DCJZ has 30 seconds left.\n|\n|t:|1735752032\n|start\n|switch|p1a: Porygon2|Porygon2, L50|100/100\n|switch|p1b: Sneasler|Sneasler, L50, F|100/100\n|switch|p2a: Skeledirge|Skeledirge, L50, F|100/100\n|switch|p2b: Annihilape|Annihilape, L50, M|100/100\n|-ability|p1a: Porygon2|Download|boost\n|-boost|p1a: Porygon2|atk|1\n|turn|1\n|inactive|DCJZ has 30 seconds left.\n|inactive|DCJZ has 20 seconds left.\n|inactive|DCJZ has 15 seconds left.\n|inactive|DCJZ has 10 seconds left.\n|\n|t:|1735752078\n|-terastallize|p1a: Porygon2|Ghost\n|move|p2b: Annihilape|Drain Punch|p1a: Porygon2\n|-immune|p1a: Porygon2\n|move|p1b: Sneasler|Throat Chop|p2a: Skeledirge\n|-supereffective|p2a: Skeledirge\n|-damage|p2a: Skeledirge|53/100\n|-start|p2a: Skeledirge|Throat Chop|[silent]\n|cant|p2a: Skeledirge|move: Throat Chop\n|move|p1a: Porygon2|Tera Blast|p2b: Annihilape|[anim] Tera Blast Ghost\n|-supereffective|p2b: Annihilape\n|-damage|p2b: Annihilape|29/100\n|\n|-heal|p2a: Skeledirge|59/100|[from] item: Leftovers\n|upkeep\n|turn|2\n|inactive|lolchair has 30 seconds left.\n|inactive|DCJZ has 30 seconds left.\n|inactive|DCJZ has 20 seconds left.\n|\n|t:|1735752121\n|switch|p2a: Flamigo|Flamigo, L50, M|100/100\n|move|p2b: Annihilape|Drain Punch|p1b: Sneasler\n|-resisted|p1b: Sneasler\n|-damage|p1b: Sneasler|77/100\n|-heal|p2b: Annihilape|37/100|[from] drain|[of] p1b: Sneasler\n|move|p1b: Sneasler|Dire Claw|p2b: Annihilape\n|-resisted|p2b: Annihilape\n|-damage|p2b: Annihilape|15/100\n|move|p1a: Porygon2|Tera Blast|p2a: Flamigo|[anim] Tera Blast Ghost\n|-damage|p2a: Flamigo|52/100\n|\n|upkeep\n|turn|3\n|inactive|lolchair has 30 seconds left.\n|\n|t:|1735752150\n|move|p2b: Annihilape|Drain Punch|p1b: Sneasler\n|-resisted|p1b: Sneasler\n|-damage|p1b: Sneasler|50/100\n|-heal|p2b: Annihilape|25/100|[from] drain|[of] p1b: Sneasler\n|move|p1b: Sneasler|Throat Chop|p2b: Annihilape\n|-damage|p2b: Annihilape|0 fnt\n|faint|p2b: Annihilape\n|move|p2a: Flamigo|Brave Bird|p1b: Sneasler\n|-supereffective|p1b: Sneasler\n|-damage|p1b: Sneasler|0 fnt\n|faint|p1b: Sneasler\n|-damage|p2a: Flamigo|36/100|[from] Recoil\n|-damage|p2a: Flamigo|26/100|[from] item: Life Orb\n|move|p1a: Porygon2|Thunderbolt|p2a: Flamigo\n|-supereffective|p2a: Flamigo\n|-damage|p2a: Flamigo|0 fnt\n|faint|p2a: Flamigo\n|\n|upkeep\n|inactive|lolchair has 30 seconds left.\n|\n|t:|1735752176\n|switch|p1b: Amoonguss|Amoonguss, L50, M|100/100\n|switch|p2a: Skeledirge|Skeledirge, L50, F|59/100\n|switch|p2b: Meowscarada|Meowscarada, L50, M|100/100\n|turn|4\n|inactive|lolchair has 30 seconds left.\n|\n|t:|1735752206\n|move|p2b: Meowscarada|Knock Off|p1a: Porygon2\n|-supereffective|p1a: Porygon2\n|-damage|p1a: Porygon2|34/100\n|-enditem|p1a: Porygon2|Eviolite|[from] move: Knock Off|[of] p2b: Meowscarada\n|move|p2a: Skeledirge|Torch Song|p1b: Amoonguss\n|-supereffective|p1b: Amoonguss\n|-damage|p1b: Amoonguss|43/100\n|-boost|p2a: Skeledirge|spa|1\n|move|p1a: Porygon2|Tera Blast|p2a: Skeledirge|[anim] Tera Blast Ghost\n|-supereffective|p2a: Skeledirge\n|-damage|p2a: Skeledirge|0 fnt\n|faint|p2a: Skeledirge\n|move|p1b: Amoonguss|Pollen Puff|p2b: Meowscarada\n|-supereffective|p2b: Meowscarada\n|-enditem|p2b: Meowscarada|Focus Sash\n|-damage|p2b: Meowscarada|1/100\n|\n|upkeep\n|turn|5\n|c|\u2606DCJZ|gg\n|\n|t:|1735752229\n|move|p2b: Meowscarada|Sucker Punch|p1a: Porygon2\n|-supereffective|p1a: Porygon2\n|-damage|p1a: Porygon2|0 fnt\n|faint|p1a: Porygon2\n|move|p1b: Amoonguss|Pollen Puff|p2b: Meowscarada\n|-supereffective|p2b: Meowscarada\n|-damage|p2b: Meowscarada|0 fnt\n|faint|p2b: Meowscarada\n|\n|win|lolchair\n|raw|lolchair's rating: 1375 &rarr; <strong>1400</strong><br />(+25 for winning)\n|raw|DCJZ's rating: 1465 &rarr; <strong>1440</strong><br />(-25 for losing)\n|l|\u2606lolchair\n|player|p1|\n|l|\u2606DCJZ\n|player|p2|\n",
  "uploadtime": 1735752626,
  "views": 348,
  "formatid": "gen9vgc2024regh",
  "rating": 1400,
  "private": 0,
  "password": null
}