{
  "id": "gen9vgc2024regh-2273162925",
  "format": "[Gen 9] VGC 2024 Reg H",
  "players": [
    "B0nes.x",
    "joergdienase"
  ],
  "log": "|j|\u2606B0nes.x\n|j|\u2606joergdienase\n|t:|1735743189\n|gametype|doubles\n|player|p1|B0nes.x|1|1339\n|player|p2|joergdienase|101|1300\n|teamsize|p1|6\n|teamsize|p2|6\n|gen|9\n|tier|[Gen 9] VGC 2024 Reg H\n|rated|\n|rule|Species Clause: Limit one of each Pok\u00e9mon\n|rule|Item Clause: Limit 1 of each item\n|clearpoke\n|poke|p1|Sneasler, L50, F|\n|poke|p1|Indeedee, L50, M|\n|poke|p1|Primarina, L50, M|\n|poke|p1|Hydreigon, L50, F|\n|poke|p1|Lurantis, L50, F|\n|poke|p1|Maushold-Four, L50|\n|poke|p2|Smeargle, L50, M|\n|poke|p2|Bellossom, L50, M|\n|poke|p2|Armarouge, L50, F|\n|poke|p2|Forretress, L50, F|\n|poke|p2|Ursaluna, L50, M|\n|poke|p2|Magnezone, L50|\n|teampreview|4\n|\n|t:|1735743219\n|start\n|switch|p1a: Indeedee|Indeedee, L50, M|100/100\n|switch|p1b: Sneasler|Sneasler, L50, F, shiny|100/100\n|switch|p2a: Smeargle|Smeargle, L50, M|100/100\n|switch|p2b: Forretress|Forretress, L50, F|100/100\n|-fieldstart|move: Psychic Terrain|[from] ability: Psychic Surge|[of] p1a: Indeedee\n|-enditem|p1b: Sneasler|Psychic Seed\n|-boost|p1b: Sneasler|spd|1|[from] item: Psychic Seed\n|turn|1\n|\n|t:|1735743239\n|move|p2a: Smeargle|Burning Bulwark|p2a: Smeargle\n|-singleturn|p2a: Smeargle|move: Protect\n|move|p1b: Sneasler|Close Combat|p2a: Smeargle\n|-activate|p2a: Smeargle|move: Protect\n|-status|p1b: Sneasler|brn\n|move|p1a: Indeedee|Expanding Force|p2a: Smeargle|[spread] p2b\n|-activate|p2a: Smeargle|move: Protect\n|-resisted|p2b: Forretress\n|-damage|p2b: Forretress|72/100\n|move|p2b: Forretress|Stealth Rock|p1b: Sneasler\n|-sidestart|p1: B0nes.x|move: Stealth Rock\n|\n|-damage|p1b: Sneasler|95/100 brn|[from] brn\n|-ability|p2a: Smeargle|Moody|boost\n|-boost|p2a: Smeargle|spe|2\n|-unboost|p2a: Smeargle|def|1\n|upkeep\n|turn|2\n|\n|t:|1735743259\n|move|p1b: Sneasler|Close Combat|p2a: Smeargle\n|-supereffective|p2a: Smeargle\n|-crit|p2a: Smeargle\n|-enditem|p2a: Smeargle|Focus Sash\n|-damage|p2a: Smeargle|1/100\n|-unboost|p1b: Sneasler|def|1\n|-unboost|p1b: Sneasler|spd|1\n|move|p2a: Smeargle|Spore|p1a: Indeedee\n|-status|p1a: Indeedee|slp|[from] move: Spore\n|cant|p1a: Indeedee|slp\n|move|p2b: Forretress|Iron Defense|p2b: Forretress\n|-boost|p2b: Forretress|def|2\n|\n|-damage|p1b: Sneasler|89/100 brn|[from] brn\n|-ability|p2a: Smeargle|Moody|boost\n|-boost|p2a: Smeargle|spd|2\n|-unboost|p2a: Smeargle|spe|1\n|upkeep\n|turn|3\n|\n|t:|1735743282\n|move|p1b: Sneasler|Close Combat|p2b: Forretress\n|-damage|p2b: Forretress|62/100\n|-unboost|p1b: Sneasler|def|1\n|-unboost|p1b: Sneasler|spd|1\n|-damage|p1b: Sneasler|72/100 brn|[from] item: Rocky Helmet|[of] p2b: Forretress\n|move|p2a: Smeargle|Salt Cure|p1b: Sneasler\n|-resisted|p1b: Sneasler\n|-damage|p1b: Sneasler|67/100 brn\n|-start|p1b: Sneasler|Salt Cure\n|cant|p1a: Indeedee|slp\n|move|p2b: Forretress|Body Press|p1a: Indeedee\n|-damage|p1a: Indeedee|26/100 slp\n|\n|-damage|p1b: Sneasler|61/100 brn|[from] brn\n|-damage|p1b: Sneasler|49/100 brn|[from] Salt Cure\n|-ability|p2a: Smeargle|Moody|boost\n|-boost|p2a: Smeargle|spd|2\n|-unboost|p2a: Smeargle|spa|1\n|upkeep\n|turn|4\n|\n|t:|1735743307\n|-terastallize|p2a: Smeargle|Ghost\n|move|p1b: Sneasler|Dire Claw|p2a: Smeargle\n|-resisted|p2a: Smeargle\n|-damage|p2a: Smeargle|0 fnt\n|faint|p2a: Smeargle\n|cant|p1a: Indeedee|slp\n|move|p2b: Forretress|Body Press|p1b: Sneasler\n|-resisted|p1b: Sneasler\n|-damage|p1b: Sneasler|0 fnt\n|faint|p1b: Sneasler\n|\n|upkeep\n|\n|t:|1735743319\n|switch|p1b: Lurantis|Lurantis, L50, F|100/100\n|switch|p2a: Armarouge|Armarouge, L50, F|100/100\n|-damage|p1b: Lurantis|88/100|[from] Stealth Rock\n|turn|5\n|\n|t:|1735743331\n|-terastallize|p1b: Lurantis|Poison\n|-curestatus|p1a: Indeedee|slp|[msg]\n|move|p1a: Indeedee|Expanding Force|p2b: Forretress|[spread] p2a,p2b\n|-resisted|p2a: Armarouge\n|-resisted|p2b: Forretress\n|-damage|p2a: Armarouge|77/100\n|-damage|p2b: Forretress|34/100\n|move|p2a: Armarouge|Expanding Force|p1b: Lurantis|[spread] p1a,p1b\n|-resisted|p1a: Indeedee\n|-supereffective|p1b: Lurantis\n|-damage|p1a: Indeedee|0 fnt\n|-damage|p1b: Lurantis|0 fnt\n|faint|p1a: Indeedee\n|faint|p1b: Lurantis\n|-damage|p2a: Armarouge|67/100|[from] item: Life Orb\n|move|p2b: Forretress|Body Press|p1: Indeedee|[notarget]\n|-fail|p2b: Forretress\n|\n|-fieldend|move: Psychic Terrain\n|upkeep\n|\n|t:|1735743350\n|switch|p1a: Hydreigon|Hydreigon, L50, F|100/100\n|-damage|p1a: Hydreigon|89/100|[from] Stealth Rock\n|turn|6\n|\n|t:|1735743356\n|move|p1a: Hydreigon|Dark Pulse|p2a: Armarouge\n|-supereffective|p2a: Armarouge\n|-damage|p2a: Armarouge|0 fnt\n|faint|p2a: Armarouge\n|move|p2b: Forretress|Body Press|p1a: Hydreigon\n|-supereffective|p1a: Hydreigon\n|-damage|p1a: Hydreigon|0 fnt\n|faint|p1a: Hydreigon\n|\n|win|joergdienase\n|raw|B0nes.x's rating: 1339 &rarr; <strong>1317</strong><br />(-22 for losing)\n|raw|joergdienase's rating: 1300 &rarr; <strong>1328</strong><br />(+28 for winning)\n|l|\u2606joergdienase\n|player|p2|\n|l|\u2606B0nes.x\n|player|p1|\n",
  "uploadtime": 1735743766,
  "views": 132,
  "formatid": "gen9vgc2024regh",
  "rating": 1317,
  "private": 0,
  "password": null
}