{
  "id": "gen9vgc2024regh-2273116278",
  "format": "[Gen 9] VGC 2024 Reg H",
  "players": [
    "Nicnacks187",
    "slimey18"
  ],
  "log": "|j|\u2606Nicnacks187\n|j|\u2606slimey18\n|t:|1735733893\n|gametype|doubles\n|player|p1|Nicnacks187|brock|1249\n|player|p2|slimey18|170|1329\n|teamsize|p1|6\n|teamsize|p2|6\n|gen|9\n|tier|[Gen 9] VGC 2024 Reg H\n|rated|\n|rule|Species Clause: Limit one of each Pok\u00e9mon\n|rule|Item Clause: Limit 1 of each item\n|clearpoke\n|poke|p1|Porygon2, L50|\n|poke|p1|Gholdengo, L50|\n|poke|p1|Ursaluna, L50, M|\n|poke|p1|Incineroar, L50, F|\n|poke|p1|Amoonguss, L50, M|\n|poke|p1|Sneasler, L50, F|\n|poke|p2|Incineroar, L50, M|\n|poke|p2|Ursaluna-Bloodmoon, L50, M|\n|poke|p2|Dusclops, L50, M|\n|poke|p2|Amoonguss, L50, M|\n|poke|p2|Gholdengo, L50|\n|poke|p2|Palafin, L50, M|\n|teampreview|4\n|inactive|Battle timer is ON: inactive players will automatically lose when time's up. (requested by Nicnacks187)\n|\n|t:|1735733921\n|start\n|switch|p1a: Sneasler|Sneasler, L50, F|100/100\n|switch|p1b: Gholdengo|Gholdengo, L50|100/100\n|switch|p2a: Ursaluna|Ursaluna-Bloodmoon, L50, M|100/100\n|switch|p2b: Incineroar|Incineroar, L50, M|100/100\n|-ability|p2b: Incineroar|Intimidate|boost\n|-unboost|p1a: Sneasler|atk|1\n|-unboost|p1b: Gholdengo|atk|1\n|turn|1\n|inactive|slimey18 has 30 seconds left.\n|inactive|slimey18 has 20 seconds left.\n|\n|t:|1735733958\n|switch|p2a: Dusclops|Dusclops, L50, M|100/100\n|-ability|p2a: Dusclops|Pressure\n|-terastallize|p2b: Incineroar|Ghost\n|move|p1a: Sneasler|Fake Out|p2a: Dusclops\n|-immune|p2a: Dusclops\n|move|p1b: Gholdengo|Nasty Plot|p1b: Gholdengo\n|-boost|p1b: Gholdengo|spa|2\n|move|p2b: Incineroar|Flare Blitz|p1b: Gholdengo\n|-supereffective|p1b: Gholdengo\n|-crit|p1b: Gholdengo\n|-damage|p1b: Gholdengo|0 fnt\n|faint|p1b: Gholdengo\n|-damage|p2b: Incineroar|73/100|[from] Recoil\n|\n|upkeep\n|\n|t:|1735733974\n|switch|p1b: Porygon2|Porygon2, L50|100/100\n|-ability|p1b: Porygon2|Download|boost\n|-boost|p1b: Porygon2|atk|1\n|turn|2\n|\n|t:|1735733992\n|move|p1a: Sneasler|Dire Claw|p2b: Incineroar\n|-resisted|p2b: Incineroar\n|-damage|p2b: Incineroar|59/100\n|move|p2b: Incineroar|Knock Off|p1b: Porygon2\n|-damage|p1b: Porygon2|77/100\n|-enditem|p1b: Porygon2|Eviolite|[from] move: Knock Off|[of] p2b: Incineroar\n|move|p2a: Dusclops|Will-O-Wisp|p1a: Sneasler\n|-status|p1a: Sneasler|brn\n|move|p1b: Porygon2|Trick Room|p1b: Porygon2\n|-fieldstart|move: Trick Room|[of] p1b: Porygon2\n|\n|-damage|p1a: Sneasler|95/100 brn|[from] brn\n|upkeep\n|turn|3\n|\n|t:|1735734015\n|switch|p2b: Gholdengo|Gholdengo, L50|100/100\n|switch|p1a: Ursaluna|Ursaluna, L50, M|100/100\n|move|p2a: Dusclops|Will-O-Wisp|p1b: Porygon2\n|-status|p1b: Porygon2|brn\n|move|p1b: Porygon2|Ice Beam|p2a: Dusclops\n|-damage|p2a: Dusclops|87/100\n|\n|-damage|p1b: Porygon2|70/100 brn|[from] brn\n|-status|p1a: Ursaluna|brn|[from] item: Flame Orb\n|upkeep\n|turn|4\n|inactive|slimey18 has 30 seconds left.\n|\n|t:|1735734048\n|switch|p2b: Incineroar|Incineroar, L50, M, tera:Ghost|59/100\n|-ability|p2b: Incineroar|Intimidate|boost\n|-unboost|p1a: Ursaluna|atk|1\n|-unboost|p1b: Porygon2|atk|1\n|-terastallize|p1b: Porygon2|Fighting\n|move|p2a: Dusclops|Night Shade|p1b: Porygon2\n|-damage|p1b: Porygon2|44/100 brn\n|move|p1a: Ursaluna|Earthquake|p2b: Incineroar|[spread] p1b,p2a,p2b\n|-crit|p1b: Porygon2\n|-damage|p1b: Porygon2|0 fnt\n|-damage|p2a: Dusclops|60/100\n|-damage|p2b: Incineroar|22/100\n|faint|p1b: Porygon2\n|\n|-damage|p1a: Ursaluna|95/100 brn|[from] brn\n|upkeep\n|\n|t:|1735734061\n|switch|p1b: Sneasler|Sneasler, L50, F|95/100 brn\n|turn|5\n|\n|t:|1735734078\n|move|p1a: Ursaluna|Protect|p1a: Ursaluna\n|-singleturn|p1a: Ursaluna|Protect\n|move|p2b: Incineroar|Fake Out|p1a: Ursaluna\n|-activate|p1a: Ursaluna|move: Protect\n|move|p2a: Dusclops|Pain Split|p1a: Ursaluna\n|-activate|p1a: Ursaluna|move: Protect\n|move|p1b: Sneasler|Dire Claw|p2b: Incineroar\n|-resisted|p2b: Incineroar\n|-damage|p2b: Incineroar|13/100\n|\n|-damage|p1a: Ursaluna|89/100 brn|[from] brn\n|-damage|p1b: Sneasler|89/100 brn|[from] brn\n|upkeep\n|turn|6\n|\n|t:|1735734098\n|switch|p2b: Gholdengo|Gholdengo, L50|100/100\n|move|p2a: Dusclops|Pain Split|p1a: Ursaluna\n|-sethp|p1a: Ursaluna|63/100 brn|[from] move: Pain Split|[silent]\n|-sethp|p2a: Dusclops|100/100|[from] move: Pain Split\n|move|p1a: Ursaluna|Earthquake|p2b: Gholdengo|[spread] p1b,p2a,p2b\n|-supereffective|p1b: Sneasler\n|-supereffective|p2b: Gholdengo\n|-damage|p1b: Sneasler|0 fnt\n|-damage|p2a: Dusclops|74/100\n|-damage|p2b: Gholdengo|14/100\n|faint|p1b: Sneasler\n|\n|-heal|p2b: Gholdengo|20/100|[from] item: Leftovers\n|-damage|p1a: Ursaluna|57/100 brn|[from] brn\n|-fieldend|move: Trick Room\n|upkeep\n|turn|7\n|\n|t:|1735734121\n|switch|p2a: Incineroar|Incineroar, L50, M, tera:Ghost|13/100\n|-ability|p2a: Incineroar|Intimidate|boost\n|-unboost|p1a: Ursaluna|atk|1\n|move|p2b: Gholdengo|Make It Rain|p1a: Ursaluna\n|-damage|p1a: Ursaluna|0 fnt\n|-unboost|p2b: Gholdengo|spa|1\n|faint|p1a: Ursaluna\n|\n|win|slimey18\n|raw|Nicnacks187's rating: 1249 &rarr; <strong>1230</strong><br />(-19 for losing)\n|raw|slimey18's rating: 1329 &rarr; <strong>1344</strong><br />(+15 for winning)\n|l|\u2606Nicnacks187\n|player|p1|\n|l|\u2606slimey18\n|player|p2|\n",
  "uploadtime": 1735734477,
  "views": 23,
  "formatid": "gen9vgc2024regh",
  "rating": 1230,
  "private": 0,
  "password": null
}