{
  "id": "gen9vgc2024regh-2273104778",
  "format": "[Gen 9] VGC 2024 Reg H",
  "players": [
    "inferno_on_top",
    "elblitz_"
  ],
  "log": "|j|\u2606inferno_on_top\n|j|\u2606elblitz_\n|t:|1735731140\n|gametype|doubles\n|player|p1|inferno_on_top|gentleman-gen4|1499\n|player|p2|elblitz_|2|1535\n|teamsize|p1|6\n|teamsize|p2|6\n|gen|9\n|tier|[Gen 9] VGC 2024 Reg H\n|rated|\n|rule|Species Clause: Limit one of each Pok\u00e9mon\n|rule|Item Clause: Limit 1 of each item\n|clearpoke\n|poke|p1|Dragapult, L50, F|\n|poke|p1|Whimsicott, L50, M|\n|poke|p1|Archaludon, L50, F|\n|poke|p1|Dondozo, L50, F|\n|poke|p1|Tatsugiri, L50, F|\n|poke|p1|Dragonite, L50, M|\n|poke|p2|Incineroar, L50, M|\n|poke|p2|Amoonguss, L50, M|\n|poke|p2|Gengar, L50, M|\n|poke|p2|Archaludon, L50, F|\n|poke|p2|Pelipper, L50, M|\n|poke|p2|Basculegion, L50, M|\n|teampreview|4\n|inactive|Battle timer is ON: inactive players will automatically lose when time's up. (requested by elblitz_)\n|j| shihouijg6\n|inactive|inferno_on_top has 60 seconds left.\n|\n|t:|1735731188\n|start\n|switch|p1a: Draga|Dragapult, L50, F|100/100\n|switch|p1b: Dozo|Dondozo, L50, F|100/100\n|switch|p2a: Gengar|Gengar, L50, M|100/100\n|switch|p2b: Incineroar|Incineroar, L50, M|100/100\n|-ability|p2b: Incineroar|Intimidate|boost\n|-fail|p1a: Draga|unboost|[from] ability: Clear Body|[of] p1a: Draga\n|-fail|p1b: Dozo|unboost|[from] item: Clear Amulet|[of] p1b: Dozo\n|turn|1\n|inactive|elblitz_ has 30 seconds left.\n|inactive|elblitz_ has 20 seconds left.\n|\n|t:|1735731223\n|move|p1a: Draga|U-turn|p2a: Gengar\n|-resisted|p2a: Gengar\n|-damage|p2a: Gengar|92/100\n|-damage|p1a: Draga|91/100|[from] item: Life Orb\n|\n|t:|1735731235\n|switch|p1a: Commander|Tatsugiri, L50, F|100/100|[from] U-turn\n|-activate|p1a: Commander|ability: Commander|[of] p1b: Dozo\n|-boost|p1b: Dozo|atk|2\n|-boost|p1b: Dozo|spa|2\n|-boost|p1b: Dozo|spe|2\n|-boost|p1b: Dozo|def|2\n|-boost|p1b: Dozo|spd|2\n|move|p1b: Dozo|Earthquake|p2a: Gengar|[spread] p2a,p2b\n|-miss|p1b: Dozo|p1a: Commander\n|-supereffective|p2a: Gengar\n|-supereffective|p2b: Incineroar\n|-crit|p2b: Incineroar\n|-damage|p2a: Gengar|6/100\n|-damage|p2b: Incineroar|0 fnt\n|faint|p2b: Incineroar\n|move|p2a: Gengar|Trick Room|p2a: Gengar\n|-fieldstart|move: Trick Room|[of] p2a: Gengar\n|\n|upkeep\n|\n|t:|1735731249\n|switch|p2b: Archaludon|Archaludon, L50, F|100/100\n|turn|2\n|inactive|elblitz_ has 30 seconds left.\n|\n|t:|1735731284\n|switch|p2a: Pelipper|Pelipper, L50, M|100/100\n|-weather|RainDance|[from] ability: Drizzle|[of] p2a: Pelipper\n|-terastallize|p2b: Archaludon|Electric\n|move|p2b: Archaludon|Electro Shot||[still]\n|-prepare|p2b: Archaludon|Electro Shot\n|-boost|p2b: Archaludon|spa|1\n|-anim|p2b: Archaludon|Electro Shot|p1b: Dozo\n|-supereffective|p1b: Dozo\n|-damage|p1b: Dozo|31/100\n|move|p1b: Dozo|Earthquake|p2a: Pelipper|[spread] p2b\n|-miss|p1b: Dozo|p1a: Commander\n|-immune|p2a: Pelipper\n|-supereffective|p2b: Archaludon\n|-damage|p2b: Archaludon|36/100\n|-ability|p2b: Archaludon|Stamina|boost\n|-boost|p2b: Archaludon|def|1\n|\n|-weather|RainDance|[upkeep]\n|upkeep\n|turn|3\n|\n|t:|1735731307\n|move|p1b: Dozo|Protect|p1b: Dozo\n|-singleturn|p1b: Dozo|Protect\n|move|p2a: Pelipper|Hurricane|p1b: Dozo\n|-activate|p1b: Dozo|move: Protect\n|move|p2b: Archaludon|Electro Shot||[still]\n|-prepare|p2b: Archaludon|Electro Shot\n|-boost|p2b: Archaludon|spa|1\n|-anim|p2b: Archaludon|Electro Shot|p1b: Dozo\n|-activate|p1b: Dozo|move: Protect\n|\n|-weather|RainDance|[upkeep]\n|upkeep\n|turn|4\n|\n|t:|1735731320\n|move|p2a: Pelipper|Hurricane|p1a: Commander|[miss]\n|-miss|p2a: Pelipper|p1a: Commander\n|move|p2b: Archaludon|Electro Shot||[still]\n|-prepare|p2b: Archaludon|Electro Shot\n|-boost|p2b: Archaludon|spa|1\n|-anim|p2b: Archaludon|Electro Shot|p1b: Dozo\n|-supereffective|p1b: Dozo\n|-damage|p1b: Dozo|0 fnt\n|faint|p1b: Dozo\n|\n|-weather|RainDance|[upkeep]\n|upkeep\n|\n|t:|1735731330\n|switch|p1b: Dragonite|Dragonite, L50, M|100/100\n|turn|5\n|\n|t:|1735731345\n|switch|p2a: Gengar|Gengar, L50, M|6/100\n|move|p1a: Commander|Protect|p1a: Commander\n|-singleturn|p1a: Commander|Protect\n|move|p1b: Dragonite|Extreme Speed|p2a: Gengar\n|-immune|p2a: Gengar\n|move|p2b: Archaludon|Electro Shot||[still]\n|-prepare|p2b: Archaludon|Electro Shot\n|-boost|p2b: Archaludon|spa|1\n|-anim|p2b: Archaludon|Electro Shot|p1a: Commander\n|-activate|p1a: Commander|move: Protect\n|\n|-weather|RainDance|[upkeep]\n|-fieldend|move: Trick Room\n|upkeep\n|turn|6\n|\n|t:|1735731365\n|move|p1a: Commander|Surf|p2b: Archaludon|[spread] p1b,p2a,p2b\n|-resisted|p1b: Dragonite\n|-damage|p1b: Dragonite|69/100\n|-damage|p2a: Gengar|0 fnt\n|-damage|p2b: Archaludon|0 fnt\n|faint|p2a: Gengar\n|faint|p2b: Archaludon\n|move|p1b: Dragonite|Scale Shot|p2: Gengar|[notarget]\n|-fail|p1b: Dragonite\n|\n|-weather|none\n|upkeep\n|\n|t:|1735731374\n|switch|p2a: Pelipper|Pelipper, L50, M|100/100\n|-weather|RainDance|[from] ability: Drizzle|[of] p2a: Pelipper\n|turn|7\n|\n|t:|1735731380\n|move|p1a: Commander|Draco Meteor|p2a: Pelipper\n|-damage|p2a: Pelipper|9/100\n|-unboost|p1a: Commander|spa|2\n|move|p1b: Dragonite|Scale Shot|p2a: Pelipper\n|-damage|p2a: Pelipper|0 fnt\n|faint|p2a: Pelipper\n|-hitcount|p2: Pelipper|1\n|\n|win|inferno_on_top\n|raw|inferno_on_top's rating: 1499 &rarr; <strong>1521</strong><br />(+22 for winning)\n|raw|elblitz_'s rating: 1535 &rarr; <strong>1513</strong><br />(-22 for losing)\n|l|\u2606elblitz_\n|player|p2|\n|l|\u2606inferno_on_top\n|player|p1|\n",
  "uploadtime": 1735731683,
  "views": 16,
  "formatid": "gen9vgc2024regh",
  "rating": 1513,
  "private": 0,
  "password": null
}