{
  "id": "gen9vgc2024regh-2273131524",
  "format": "[Gen 9] VGC 2024 Reg H",
  "players": [
    "dikketoeter8l",
    "Lesbshkdk"
  ],
  "log": "|j|\u2606dikketoeter8l\n|j|\u2606Lesbshkdk\n|t:|1735737252\n|gametype|doubles\n|player|p1|dikketoeter8l|169|1098\n|player|p2|Lesbshkdk|102|1121\n|teamsize|p1|6\n|teamsize|p2|6\n|gen|9\n|tier|[Gen 9] VGC 2024 Reg H\n|rated|\n|rule|Species Clause: Limit one of each Pok\u00e9mon\n|rule|Item Clause: Limit 1 of each item\n|clearpoke\n|poke|p1|Kingambit, L50, M|\n|poke|p1|Meowscarada, L50, M|\n|poke|p1|Espathra, L50, M|\n|poke|p1|Incineroar, L50, M|\n|poke|p1|Barraskewda, L50, M|\n|poke|p1|Indeedee, L50, M|\n|poke|p2|Lucario, L50, M|\n|poke|p2|Maushold-Four, L50|\n|poke|p2|Amoonguss, L50, F|\n|poke|p2|Gholdengo, L50|\n|poke|p2|Primarina, L50, M|\n|poke|p2|Incineroar, L50, F|\n|teampreview|4\n|\n|t:|1735737285\n|start\n|switch|p1a: Espathra|Espathra, L50, M|100/100\n|switch|p1b: Indeedee|Indeedee, L50, M|100/100\n|switch|p2a: Judgement Day|Lucario, L50, M, shiny|100/100\n|switch|p2b: Divorce|Maushold-Four, L50, shiny|100/100\n|-fieldstart|move: Psychic Terrain|[from] ability: Psychic Surge|[of] p1b: Indeedee\n|turn|1\n|inactive|Battle timer is ON: inactive players will automatically lose when time's up. (requested by dikketoeter8l)\n|\n|t:|1735737306\n|-terastallize|p1b: Indeedee|Psychic\n|move|p1b: Indeedee|Expanding Force|p2b: Divorce|[spread] p2a,p2b\n|-damage|p2a: Judgement Day|14/100\n|-damage|p2b: Divorce|30/100\n|move|p1a: Espathra|Expanding Force|p2b: Divorce|[spread] p2a,p2b\n|-damage|p2a: Judgement Day|0 fnt\n|-damage|p2b: Divorce|0 fnt\n|faint|p2a: Judgement Day\n|faint|p2b: Divorce\n|\n|-ability|p1a: Espathra|Speed Boost|boost\n|-boost|p1a: Espathra|spe|1\n|upkeep\n|\n|t:|1735737318\n|switch|p2b: Scar|Incineroar, L50, F, shiny|100/100\n|switch|p2a: Siren|Primarina, L50, M, shiny|100/100\n|-ability|p2b: Scar|Intimidate|boost\n|-unboost|p1a: Espathra|atk|1\n|-unboost|p1b: Indeedee|atk|1\n|turn|2\n|\n|t:|1735737341\n|move|p1b: Indeedee|Expanding Force|p2b: Scar|[spread] p2a\n|-immune|p2b: Scar\n|-damage|p2a: Siren|22/100\n|move|p1a: Espathra|Expanding Force|p2a: Siren|[spread] p2a\n|-immune|p2b: Scar\n|-damage|p2a: Siren|0 fnt\n|faint|p2a: Siren\n|move|p2b: Scar|Knock Off|p1a: Espathra\n|-supereffective|p1a: Espathra\n|-damage|p1a: Espathra|0 fnt\n|-enditem|p1a: Espathra|Choice Specs|[from] move: Knock Off|[of] p2b: Scar\n|faint|p1a: Espathra\n|\n|upkeep\n|\n|t:|1735737356\n|switch|p1a: Incineroar|Incineroar, L50, M|100/100\n|-ability|p1a: Incineroar|Intimidate|boost\n|-unboost|p2b: Scar|atk|1\n|turn|3\n|\n|t:|1735737371\n|switch|p1b: Kingambit|Kingambit, L50, M|100/100\n|move|p2b: Scar|Parting Shot|p1a: Incineroar\n|-unboost|p1a: Incineroar|atk|1\n|-unboost|p1a: Incineroar|spa|1\n|move|p1a: Incineroar|Knock Off|p2b: Scar\n|-resisted|p2b: Scar\n|-damage|p2b: Scar|87/100\n|-damage|p1a: Incineroar|84/100|[from] item: Rocky Helmet|[of] p2b: Scar\n|-enditem|p2b: Scar|Rocky Helmet|[from] move: Knock Off|[of] p1a: Incineroar\n|\n|upkeep\n|turn|4\n|\n|t:|1735737387\n|move|p2b: Scar|Knock Off|p1b: Kingambit\n|-resisted|p1b: Kingambit\n|-damage|p1b: Kingambit|91/100\n|-enditem|p1b: Kingambit|Black Glasses|[from] move: Knock Off|[of] p2b: Scar\n|move|p1a: Incineroar|Close Combat|p2b: Scar\n|-supereffective|p2b: Scar\n|-damage|p2b: Scar|37/100\n|-unboost|p1a: Incineroar|def|1\n|-unboost|p1a: Incineroar|spd|1\n|move|p1b: Kingambit|Kowtow Cleave|p2b: Scar\n|-resisted|p2b: Scar\n|-damage|p2b: Scar|14/100\n|\n|upkeep\n|turn|5\n|\n|t:|1735737405\n|move|p2b: Scar|Knock Off|p1b: Kingambit\n|-resisted|p1b: Kingambit\n|-damage|p1b: Kingambit|85/100\n|move|p1a: Incineroar|Close Combat|p2b: Scar\n|-supereffective|p2b: Scar\n|-damage|p2b: Scar|0 fnt\n|-unboost|p1a: Incineroar|def|1\n|-unboost|p1a: Incineroar|spd|1\n|faint|p2b: Scar\n|\n|win|dikketoeter8l\n|raw|dikketoeter8l's rating: 1098 &rarr; <strong>1125</strong><br />(+27 for winning)\n|raw|Lesbshkdk's rating: 1121 &rarr; <strong>1094</strong><br />(-27 for losing)\n|l|\u2606Lesbshkdk\n|player|p2|\n",
  "uploadtime": 1735737813,
  "views": 22,
  "formatid": "gen9vgc2024regh",
  "rating": 1094,
  "private": 0,
  "password": null
}