{
  "id": "gen9vgc2024regh-2273224139",
  "format": "[Gen 9] VGC 2024 Reg H",
  "players": [
    "shihevixe3",
    "sldpk1"
  ],
  "log": "|j|\u2606shihevixe3\n|j|\u2606sldpk1\n|t:|1735752407\n|gametype|doubles\n|player|p1|shihevixe3|palmer|1557\n|player|p2|sldpk1|steven|1415\n|teamsize|p1|6\n|teamsize|p2|6\n|gen|9\n|tier|[Gen 9] VGC 2024 Reg H\n|rated|\n|rule|Species Clause: Limit one of each Pok\u00e9mon\n|rule|Item Clause: Limit 1 of each item\n|clearpoke\n|poke|p1|Pelipper, L50, M|\n|poke|p1|Annihilape, L50, F|\n|poke|p1|Archaludon, L50, F|\n|poke|p1|Sinistcha-Masterpiece, L50|\n|poke|p1|Grimmsnarl, L50, M|\n|poke|p1|Ursaluna, L50, M|\n|poke|p2|Archaludon, L50, M|\n|poke|p2|Lucario, L50, M|\n|poke|p2|Talonflame, L50, F|\n|poke|p2|Pelipper, L50, M|\n|poke|p2|Comfey, L50, M|\n|poke|p2|Duraludon, L50, F|\n|teampreview|4\n|inactive|Battle timer is ON: inactive players will automatically lose when time's up. (requested by sldpk1)\n|inactive|shihevixe3 has 60 seconds left.\n|inactive|sldpk1 has 60 seconds left.\n|inactive|shihevixe3 has 30 seconds left.\n|inactive|sldpk1 has 30 seconds left.\n|inactive|shihevixe3 has 20 seconds left.\n|inactive|sldpk1 has 20 seconds left.\n|\n|t:|1735752482\n|start\n|switch|p1a: Annihilape|Annihilape, L50, F|100/100\n|switch|p1b: Archaludon|Archaludon, L50, F|100/100\n|switch|p2a: Talonflame|Talonflame, L50, F|100/100\n|switch|p2b: Duraludon|Duraludon, L50, F|100/100\n|turn|1\n|inactive|sldpk1 has 30 seconds left.\n|\n|t:|1735752509\n|move|p2a: Talonflame|Acrobatics|p1a: Annihilape\n|-supereffective|p1a: Annihilape\n|-damage|p1a: Annihilape|10/100\n|move|p1a: Annihilape|U-turn|p1b: Archaludon\n|-resisted|p1b: Archaludon\n|-damage|p1b: Archaludon|94/100\n|-ability|p1b: Archaludon|Stamina|boost\n|-boost|p1b: Archaludon|def|1\n|\n|t:|1735752514\n|switch|p1a: Pelipper|Pelipper, L50, M|100/100|[from] U-turn\n|-weather|RainDance|[from] ability: Drizzle|[of] p1a: Pelipper\n|move|p1b: Archaludon|Electro Shot||[still]\n|-prepare|p1b: Archaludon|Electro Shot\n|-boost|p1b: Archaludon|spa|1\n|-anim|p1b: Archaludon|Electro Shot|p2a: Talonflame\n|-supereffective|p2a: Talonflame\n|-damage|p2a: Talonflame|0 fnt\n|faint|p2a: Talonflame\n|move|p2b: Duraludon|Roar|p1b: Archaludon\n|drag|p1b: Sinistcha|Sinistcha-Masterpiece, L50, shiny|100/100\n|\n|-weather|RainDance|[upkeep]\n|upkeep\n|\n|t:|1735752537\n|switch|p2a: Archaludon|Archaludon, L50, M|100/100\n|turn|2\n|\n|t:|1735752550\n|switch|p1b: Archaludon|Archaludon, L50, F|94/100\n|move|p1a: Pelipper|Tailwind|p1a: Pelipper\n|-sidestart|p1: shihevixe3|move: Tailwind\n|move|p2a: Archaludon|Snarl|p1a: Pelipper|[spread] p1a,p1b\n|-damage|p1a: Pelipper|74/100\n|-damage|p1b: Archaludon|85/100\n|-unboost|p1a: Pelipper|spa|1\n|-unboost|p1b: Archaludon|spa|1\n|-ability|p1b: Archaludon|Stamina|boost\n|-boost|p1b: Archaludon|def|1\n|move|p2b: Duraludon|Iron Defense|p2b: Duraludon\n|-boost|p2b: Duraludon|def|2\n|\n|-weather|RainDance|[upkeep]\n|upkeep\n|turn|3\n|inactive|sldpk1 has 30 seconds left.\n|inactive|sldpk1 has 20 seconds left.\n|\n|t:|1735752590\n|move|p1a: Pelipper|Weather Ball|p2b: Duraludon\n|-resisted|p2b: Duraludon\n|-damage|p2b: Duraludon|75/100\n|move|p1b: Archaludon|Electro Shot||[still]\n|-prepare|p1b: Archaludon|Electro Shot\n|-boost|p1b: Archaludon|spa|1\n|-anim|p1b: Archaludon|Electro Shot|p2b: Duraludon\n|-resisted|p2b: Duraludon\n|-damage|p2b: Duraludon|56/100\n|move|p2a: Archaludon|Draco Meteor|p1b: Archaludon\n|-damage|p1b: Archaludon|47/100\n|-unboost|p2a: Archaludon|spa|2\n|-ability|p1b: Archaludon|Stamina|boost\n|-boost|p1b: Archaludon|def|1\n|move|p2b: Duraludon|Body Press|p1b: Archaludon\n|-supereffective|p1b: Archaludon\n|-damage|p1b: Archaludon|12/100\n|-ability|p1b: Archaludon|Stamina|boost\n|-boost|p1b: Archaludon|def|1\n|\n|-weather|RainDance|[upkeep]\n|upkeep\n|turn|4\n|inactive|sldpk1 has 30 seconds left.\n|\n|t:|1735752624\n|switch|p1a: Sinistcha|Sinistcha-Masterpiece, L50, shiny|100/100\n|-heal|p1b: Archaludon|37/100|[from] ability: Hospitality|[of] p1a: Sinistcha\n|-terastallize|p1b: Archaludon|Fighting\n|move|p1b: Archaludon|Body Press|p2a: Archaludon\n|-supereffective|p2a: Archaludon\n|-damage|p2a: Archaludon|0 fnt\n|faint|p2a: Archaludon\n|move|p2b: Duraludon|Roar|p1b: Archaludon\n|drag|p1b: Annihilape|Annihilape, L50, F|10/100\n|\n|-weather|RainDance|[upkeep]\n|upkeep\n|\n|t:|1735752639\n|switch|p2a: Comfey|Comfey, L50, M|100/100\n|turn|5\n|\n|t:|1735752653\n|move|p2a: Comfey|Draining Kiss|p1b: Annihilape\n|-supereffective|p1b: Annihilape\n|-damage|p1b: Annihilape|0 fnt\n|faint|p1b: Annihilape\n|-damage|p2a: Comfey|91/100|[from] item: Life Orb\n|move|p1a: Sinistcha|Matcha Gotcha|p2a: Comfey|[spread] p2a,p2b\n|-resisted|p2b: Duraludon\n|-damage|p2a: Comfey|64/100\n|-damage|p2b: Duraludon|49/100\n|move|p2b: Duraludon|Foul Play|p1a: Sinistcha\n|-supereffective|p1a: Sinistcha\n|-damage|p1a: Sinistcha|79/100\n|\n|-weather|none\n|-sideend|p1: shihevixe3|move: Tailwind\n|upkeep\n|\n|t:|1735752674\n|switch|p1b: Pelipper|Pelipper, L50, M|74/100\n|-weather|RainDance|[from] ability: Drizzle|[of] p1b: Pelipper\n|turn|6\n|\n|t:|1735752689\n|move|p2a: Comfey|Giga Drain|p1b: Pelipper\n|-damage|p1b: Pelipper|28/100\n|-heal|p2a: Comfey|84/100|[from] drain|[of] p1b: Pelipper\n|-damage|p2a: Comfey|75/100|[from] item: Life Orb\n|move|p1b: Pelipper|Weather Ball|p2a: Comfey\n|-damage|p2a: Comfey|6/100\n|move|p2b: Duraludon|Foul Play|p1a: Sinistcha\n|-supereffective|p1a: Sinistcha\n|-damage|p1a: Sinistcha|59/100\n|move|p1a: Sinistcha|Matcha Gotcha|p2b: Duraludon|[spread] p2a,p2b\n|-resisted|p2b: Duraludon\n|-damage|p2a: Comfey|0 fnt\n|-heal|p1a: Sinistcha|61/100|[from] drain|[of] p2a: Comfey\n|-damage|p2b: Duraludon|42/100\n|-heal|p1a: Sinistcha|65/100|[from] drain|[of] p2b: Duraludon\n|-status|p2b: Duraludon|brn\n|faint|p2a: Comfey\n|\n|-weather|RainDance|[upkeep]\n|-damage|p2b: Duraludon|36/100 brn|[from] brn\n|upkeep\n|turn|7\n|inactive|sldpk1 has 30 seconds left.\n|-message|sldpk1 forfeited.\n|\n|win|shihevixe3\n|raw|shihevixe3's rating: 1557 &rarr; <strong>1569</strong><br />(+12 for winning)\n|raw|sldpk1's rating: 1415 &rarr; <strong>1403</strong><br />(-12 for losing)\n|l|\u2606sldpk1\n|player|p2|\n|l|\u2606shihevixe3\n|player|p1|\n",
  "uploadtime": 1735753040,
  "views": 337,
  "formatid": "gen9vgc2024regh",
  "rating": 1403,
  "private": 0,
  "password": null
}