{
  "id": "gen9vgc2024regh-2273177141",
  "format": "[Gen 9] VGC 2024 Reg H",
  "players": [
    "PugBurro",
    "Puituti39"
  ],
  "log": "|j|\u2606PugBurro\n|j|\u2606Puituti39\n|t:|1735745516\n|gametype|doubles\n|player|p1|PugBurro|crasherwake|1544\n|player|p2|Puituti39|265|1537\n|teamsize|p1|6\n|teamsize|p2|6\n|gen|9\n|tier|[Gen 9] VGC 2024 Reg H\n|rated|\n|rule|Species Clause: Limit one of each Pok\u00e9mon\n|rule|Item Clause: Limit 1 of each item\n|clearpoke\n|poke|p1|Whimsicott, L50, M|\n|poke|p1|Typhlosion-Hisui, L50, F|\n|poke|p1|Clefairy, L50, F|\n|poke|p1|Ursaluna-Bloodmoon, L50, M|\n|poke|p1|Farigiraf, L50, F|\n|poke|p1|Annihilape, L50, F|\n|poke|p2|Charizard, L50, M|\n|poke|p2|Ursaluna, L50, M|\n|poke|p2|Incineroar, L50, F|\n|poke|p2|Porygon2, L50|\n|poke|p2|Whimsicott, L50, F|\n|poke|p2|Kingambit, L50, F|\n|teampreview|4\n|inactive|Battle timer is ON: inactive players will automatically lose when time's up. (requested by Puituti39)\n|\n|t:|1735745533\n|start\n|switch|p1a: Whimsicott|Whimsicott, L50, M|100/100\n|switch|p1b: Typhlosion|Typhlosion-Hisui, L50, F|100/100\n|switch|p2a: Incineroar|Incineroar, L50, F|100/100\n|switch|p2b: Whimsicott|Whimsicott, L50, F|100/100\n|-ability|p2a: Incineroar|Intimidate|boost\n|-unboost|p1a: Whimsicott|atk|1\n|-unboost|p1b: Typhlosion|atk|1\n|turn|1\n|\n|t:|1735745548\n|move|p1a: Whimsicott|Tailwind|p1a: Whimsicott\n|-sidestart|p1: PugBurro|move: Tailwind\n|move|p2b: Whimsicott|Tailwind|p2b: Whimsicott\n|-sidestart|p2: Puituti39|move: Tailwind\n|move|p1b: Typhlosion|Eruption|p2a: Incineroar|[spread] p2a,p2b\n|-resisted|p2a: Incineroar\n|-supereffective|p2b: Whimsicott\n|-damage|p2a: Incineroar|61/100\n|-enditem|p2b: Whimsicott|Focus Sash\n|-damage|p2b: Whimsicott|1/100\n|move|p2a: Incineroar|Knock Off|p1b: Typhlosion\n|-supereffective|p1b: Typhlosion\n|-damage|p1b: Typhlosion|0 fnt\n|-enditem|p1b: Typhlosion|Choice Specs|[from] move: Knock Off|[of] p2a: Incineroar\n|faint|p1b: Typhlosion\n|\n|upkeep\n|\n|t:|1735745556\n|switch|p1b: Ursaluna|Ursaluna-Bloodmoon, L50, M|100/100\n|turn|2\n|\n|t:|1735745568\n|move|p1a: Whimsicott|Encore|p2b: Whimsicott\n|-start|p2b: Whimsicott|Encore\n|move|p2b: Whimsicott|Tailwind||[still]\n|-fail|p2b: Whimsicott\n|move|p1b: Ursaluna|Earth Power|p2a: Incineroar\n|-supereffective|p2a: Incineroar\n|-damage|p2a: Incineroar|0 fnt\n|faint|p2a: Incineroar\n|\n|upkeep\n|\n|t:|1735745577\n|switch|p2a: Charizard|Charizard, L50, M|100/100\n|turn|3\n|\n|t:|1735745585\n|switch|p2b: Kingambit|Kingambit, L50, F|100/100\n|move|p1b: Ursaluna|Protect|p1b: Ursaluna\n|-singleturn|p1b: Ursaluna|Protect\n|move|p1a: Whimsicott|Beat Up|p2a: Charizard\n|-damage|p2a: Charizard|99/100\n|-damage|p2a: Charizard|97/100\n|-damage|p2a: Charizard|94/100\n|-hitcount|p2a: Charizard|3\n|move|p2a: Charizard|Heat Wave|p1b: Ursaluna|[spread] p1a\n|-activate|p1b: Ursaluna|move: Protect\n|-supereffective|p1a: Whimsicott\n|-enditem|p1a: Whimsicott|Focus Sash\n|-damage|p1a: Whimsicott|1/100\n|-damage|p2a: Charizard|84/100|[from] item: Life Orb\n|\n|upkeep\n|turn|4\n|\n|t:|1735745605\n|move|p1a: Whimsicott|Tailwind||[still]\n|-fail|p1a: Whimsicott\n|move|p2a: Charizard|Heat Wave|p1b: Ursaluna|[spread] p1a,p1b\n|-supereffective|p1a: Whimsicott\n|-damage|p1a: Whimsicott|0 fnt\n|-damage|p1b: Ursaluna|53/100\n|faint|p1a: Whimsicott\n|-damage|p2a: Charizard|74/100|[from] item: Life Orb\n|move|p1b: Ursaluna|Blood Moon|p2a: Charizard\n|-damage|p2a: Charizard|0 fnt\n|faint|p2a: Charizard\n|move|p2b: Kingambit|Low Kick|p1b: Ursaluna\n|-supereffective|p1b: Ursaluna\n|-damage|p1b: Ursaluna|0 fnt\n|faint|p1b: Ursaluna\n|\n|-sideend|p2: Puituti39|move: Tailwind\n|-sideend|p1: PugBurro|move: Tailwind\n|upkeep\n|\n|t:|1735745616\n|switch|p2a: Whimsicott|Whimsicott, L50, F|1/100\n|switch|p1b: Annihilape|Annihilape, L50, F|100/100\n|turn|5\n|\n|t:|1735745628\n|-terastallize|p1b: Annihilape|Steel\n|-terastallize|p2b: Kingambit|Dark\n|move|p1b: Annihilape|Drain Punch|p2b: Kingambit\n|-supereffective|p2b: Kingambit\n|-damage|p2b: Kingambit|47/100\n|move|p2a: Whimsicott|Moonblast|p1b: Annihilape\n|-resisted|p1b: Annihilape\n|-damage|p1b: Annihilape|92/100\n|-unboost|p1b: Annihilape|spa|1\n|-ability|p1b: Annihilape|Defiant|boost\n|-boost|p1b: Annihilape|atk|2\n|move|p2b: Kingambit|Kowtow Cleave|p1b: Annihilape\n|-damage|p1b: Annihilape|23/100\n|\n|upkeep\n|turn|6\n|\n|t:|1735745639\n|move|p2a: Whimsicott|Tailwind|p2a: Whimsicott\n|-sidestart|p2: Puituti39|move: Tailwind\n|move|p2b: Kingambit|Low Kick|p1b: Annihilape\n|-supereffective|p1b: Annihilape\n|-damage|p1b: Annihilape|0 fnt\n|faint|p1b: Annihilape\n|\n|win|Puituti39\n|raw|PugBurro's rating: 1544 &rarr; <strong>1524</strong><br />(-20 for losing)\n|raw|Puituti39's rating: 1537 &rarr; <strong>1557</strong><br />(+20 for winning)\n|c|\u2606PugBurro|ggs\n|l|\u2606PugBurro\n|player|p1|\n|l|\u2606Puituti39\n|player|p2|\n",
  "uploadtime": 1735745843,
  "views": 157,
  "formatid": "gen9vgc2024regh",
  "rating": 1524,
  "private": 0,
  "password": null
}