{
  "id": "gen9vgc2024regh-2273214476",
  "format": "[Gen 9] VGC 2024 Reg H",
  "players": [
    "doung yolph",
    "BlueEyes455"
  ],
  "log": "|j|\u2606doung yolph\n|j|\u2606BlueEyes455\n|t:|1735751067\n|gametype|doubles\n|player|p1|doung yolph|jasmine|1360\n|player|p2|BlueEyes455|266|1379\n|teamsize|p1|6\n|teamsize|p2|6\n|gen|9\n|tier|[Gen 9] VGC 2024 Reg H\n|rated|\n|rule|Species Clause: Limit one of each Pok\u00e9mon\n|rule|Item Clause: Limit 1 of each item\n|clearpoke\n|poke|p1|Palafin, L50, M|\n|poke|p1|Bronzong, L50|\n|poke|p1|Kingambit, L50, M|\n|poke|p1|Arcanine, L50, M|\n|poke|p1|Dragapult, L50, M|\n|poke|p1|Pelipper, L50, F|\n|poke|p2|Sneasler, L50, F|\n|poke|p2|Indeedee, L50, M|\n|poke|p2|Ursaluna-Bloodmoon, L50, M|\n|poke|p2|Electabuzz, L50, M|\n|poke|p2|Incineroar, L50, F|\n|poke|p2|Talonflame, L50, M|\n|teampreview|4\n|inactive|Battle timer is ON: inactive players will automatically lose when time's up. (requested by BlueEyes455)\n|\n|t:|1735751098\n|start\n|switch|p1a: Palafin|Palafin, L50, M|100/100\n|switch|p1b: Dragapult|Dragapult, L50, M|100/100\n|switch|p2a: Incineroar|Incineroar, L50, F|100/100\n|switch|p2b: Sneasler|Sneasler, L50, F|100/100\n|-ability|p2a: Incineroar|Intimidate|boost\n|-unboost|p1a: Palafin|atk|1\n|-fail|p1b: Dragapult|unboost|[from] ability: Clear Body|[of] p1b: Dragapult\n|turn|1\n|inactive|BlueEyes455 has 30 seconds left.\n|\n|t:|1735751125\n|move|p2b: Sneasler|Protect|p2b: Sneasler\n|-singleturn|p2b: Sneasler|Protect\n|move|p1b: Dragapult|Psychic Fangs|p2b: Sneasler\n|-activate|p2b: Sneasler|move: Protect\n|move|p1a: Palafin|Flip Turn|p2a: Incineroar\n|-supereffective|p2a: Incineroar\n|-damage|p2a: Incineroar|70/100\n|\n|t:|1735751135\n|detailschange|p1a: Palafin|Palafin-Hero, L50, M\n|switch|p1a: Arcanine|Arcanine, L50, M|100/100|[from] Flip Turn\n|-ability|p1a: Arcanine|Intimidate|boost\n|-unboost|p2a: Incineroar|atk|1\n|-unboost|p2b: Sneasler|atk|1\n|move|p2a: Incineroar|Knock Off|p1b: Dragapult\n|-supereffective|p1b: Dragapult\n|-damage|p1b: Dragapult|18/100\n|-enditem|p1b: Dragapult|Choice Band|[from] move: Knock Off|[of] p2a: Incineroar\n|\n|upkeep\n|turn|2\n|\n|t:|1735751160\n|switch|p1a: Pelipper|Pelipper, L50, F|100/100\n|-weather|RainDance|[from] ability: Drizzle|[of] p1a: Pelipper\n|switch|p2a: Indeedee|Indeedee, L50, M|100/100\n|-fieldstart|move: Psychic Terrain|[from] ability: Psychic Surge|[of] p2a: Indeedee\n|-enditem|p2b: Sneasler|Psychic Seed\n|-boost|p2b: Sneasler|spd|1|[from] item: Psychic Seed\n|move|p2b: Sneasler|Dire Claw|p1b: Dragapult\n|-resisted|p1b: Dragapult\n|-damage|p1b: Dragapult|0 fnt\n|faint|p1b: Dragapult\n|\n|-weather|RainDance|[upkeep]\n|upkeep\n|\n|t:|1735751176\n|switch|p1b: Arcanine|Arcanine, L50, M|100/100\n|-ability|p1b: Arcanine|Intimidate|boost\n|-unboost|p2a: Indeedee|atk|1\n|-unboost|p2b: Sneasler|atk|1\n|turn|3\n|\n|t:|1735751191\n|switch|p2b: Incineroar|Incineroar, L50, F|70/100\n|-ability|p2b: Incineroar|Intimidate|boost\n|-unboost|p1a: Pelipper|atk|1\n|-unboost|p1b: Arcanine|atk|1\n|switch|p1b: Palafin|Palafin-Hero, L50, M|100/100\n|-activate|p1b: Palafin|ability: Zero to Hero\n|move|p1a: Pelipper|Wide Guard|p1a: Pelipper\n|-singleturn|p1a: Pelipper|Wide Guard\n|move|p2a: Indeedee|Expanding Force|p1b: Palafin|[spread] \n|-activate|p1a: Pelipper|move: Wide Guard\n|-activate|p1b: Palafin|move: Wide Guard\n|\n|-weather|RainDance|[upkeep]\n|upkeep\n|turn|4\n|inactive|BlueEyes455 has 30 seconds left.\n|\n|t:|1735751217\n|switch|p2a: Sneasler|Sneasler, L50, F|100/100\n|move|p1a: Pelipper|Wide Guard|p1a: Pelipper\n|-singleturn|p1a: Pelipper|Wide Guard\n|move|p2b: Incineroar|Fake Out|p1b: Palafin\n|-activate|p1b: Palafin|move: Psychic Terrain\n|move|p1b: Palafin|Jet Punch|p2b: Incineroar\n|-activate|p2b: Incineroar|move: Psychic Terrain\n|\n|-weather|RainDance|[upkeep]\n|upkeep\n|turn|5\n|c|\u2606doung yolph|lol\n|c|\u2606BlueEyes455|haha\n|c|\u2606BlueEyes455|both stupid\n|inactive|BlueEyes455 has 30 seconds left.\n|c|\u2606doung yolph|cant see it when the rains up xd\n|inactive|BlueEyes455 has 20 seconds left.\n|inactive|BlueEyes455 has 15 seconds left.\n|\n|t:|1735751260\n|move|p2a: Sneasler|Dire Claw|p1a: Pelipper\n|-damage|p1a: Pelipper|44/100\n|move|p1b: Palafin|Wave Crash|p2a: Sneasler\n|-damage|p2a: Sneasler|0 fnt\n|faint|p2a: Sneasler\n|-damage|p1b: Palafin|75/100|[from] Recoil\n|move|p1a: Pelipper|Tailwind|p1a: Pelipper\n|-sidestart|p1: doung yolph|move: Tailwind\n|move|p2b: Incineroar|Knock Off|p1a: Pelipper\n|-damage|p1a: Pelipper|0 fnt\n|-enditem|p1a: Pelipper|Safety Goggles|[from] move: Knock Off|[of] p2b: Incineroar\n|faint|p1a: Pelipper\n|\n|-weather|RainDance|[upkeep]\n|upkeep\n|\n|t:|1735751277\n|switch|p2a: Indeedee|Indeedee, L50, M|100/100\n|switch|p1a: Arcanine|Arcanine, L50, M|100/100\n|-ability|p1a: Arcanine|Intimidate|boost\n|-unboost|p2a: Indeedee|atk|1\n|-unboost|p2b: Incineroar|atk|1\n|turn|6\n|\n|t:|1735751298\n|-terastallize|p1b: Palafin|Water\n|move|p2a: Indeedee|Protect|p2a: Indeedee\n|-singleturn|p2a: Indeedee|Protect\n|move|p1a: Arcanine|Flare Blitz|p2b: Incineroar\n|-resisted|p2b: Incineroar\n|-damage|p2b: Incineroar|56/100\n|-damage|p1a: Arcanine|95/100|[from] Recoil\n|move|p1b: Palafin|Wave Crash|p2a: Indeedee\n|-activate|p2a: Indeedee|move: Protect\n|move|p2b: Incineroar|Parting Shot|p1b: Palafin\n|-unboost|p1b: Palafin|atk|1\n|-unboost|p1b: Palafin|spa|1\n|\n|t:|1735751311\n|switch|p2b: Ursaluna|Ursaluna-Bloodmoon, L50, M|100/100|[from] Parting Shot\n|\n|-weather|none\n|-fieldend|move: Psychic Terrain\n|upkeep\n|turn|7\n|\n|t:|1735751322\n|move|p2b: Ursaluna|Protect|p2b: Ursaluna\n|-singleturn|p2b: Ursaluna|Protect\n|move|p1a: Arcanine|Flare Blitz|p2a: Indeedee\n|-enditem|p2a: Indeedee|Focus Sash\n|-damage|p2a: Indeedee|1/100\n|-damage|p1a: Arcanine|68/100|[from] Recoil\n|move|p1b: Palafin|Wave Crash|p2b: Ursaluna\n|-activate|p2b: Ursaluna|move: Protect\n|move|p2a: Indeedee|Expanding Force|p1b: Palafin\n|-damage|p1b: Palafin|40/100\n|\n|upkeep\n|turn|8\n|\n|t:|1735751341\n|-terastallize|p2b: Ursaluna|Normal\n|move|p2a: Indeedee|Helping Hand|p2b: Ursaluna\n|-singleturn|p2b: Ursaluna|Helping Hand|[of] p2a: Indeedee\n|move|p1a: Arcanine|Flare Blitz|p2a: Indeedee\n|-damage|p2a: Indeedee|0 fnt\n|faint|p2a: Indeedee\n|-damage|p1a: Arcanine|67/100|[from] Recoil\n|move|p1b: Palafin|Wave Crash|p2b: Ursaluna\n|-damage|p2b: Ursaluna|47/100\n|-damage|p1b: Palafin|23/100|[from] Recoil\n|move|p2b: Ursaluna|Hyper Voice|p1a: Arcanine|[spread] p1a,p1b\n|-damage|p1a: Arcanine|0 fnt\n|-damage|p1b: Palafin|0 fnt\n|faint|p1a: Arcanine\n|faint|p1b: Palafin\n|-damage|p2b: Ursaluna|37/100|[from] item: Life Orb\n|\n|win|BlueEyes455\n|raw|doung yolph's rating: 1360 &rarr; <strong>1341</strong><br />(-19 for losing)\n|raw|BlueEyes455's rating: 1379 &rarr; <strong>1398</strong><br />(+19 for winning)\n|l|\u2606doung yolph\n|player|p1|\n|l|\u2606BlueEyes455\n|player|p2|\n",
  "uploadtime": 1735751658,
  "views": 336,
  "formatid": "gen9vgc2024regh",
  "rating": 1341,
  "private": 0,
  "password": null
}