{
  "id": "gen9vgc2024regh-2273105540",
  "format": "[Gen 9] VGC 2024 Reg H",
  "players": [
    "MrRonV",
    "jon duan jozo"
  ],
  "log": "|j|\u2606MrRonV\n|j|\u2606jon duan jozo\n|t:|1735731330\n|gametype|doubles\n|player|p1|MrRonV|veteran|1193\n|player|p2|jon duan jozo|ethan|1201\n|teamsize|p1|6\n|teamsize|p2|6\n|gen|9\n|tier|[Gen 9] VGC 2024 Reg H\n|rated|\n|rule|Species Clause: Limit one of each Pok\u00e9mon\n|rule|Item Clause: Limit 1 of each item\n|clearpoke\n|poke|p1|Mienshao, L50, F|\n|poke|p1|Mabosstiff, L50, F|\n|poke|p1|Glimmora, L50, F|\n|poke|p1|Gastrodon, L50, F|\n|poke|p1|Garganacl, L50, F|\n|poke|p1|Tinkaton, L50, F|\n|poke|p2|Archaludon, L50, M|\n|poke|p2|Kingdra, L50, M|\n|poke|p2|Politoed, L50, M|\n|poke|p2|Incineroar, L50, M|\n|poke|p2|Gothitelle, L50, F|\n|poke|p2|Amoonguss, L50, F|\n|teampreview|4\n|inactive|Battle timer is ON: inactive players will automatically lose when time's up. (requested by jon duan jozo)\n|inactive|MrRonV has 60 seconds left.\n|\n|t:|1735731364\n|start\n|switch|p1a: Glimmora|Glimmora, L50, F, shiny|100/100\n|switch|p1b: Tinkaton|Tinkaton, L50, F|100/100\n|switch|p2a: Gothitelle|Gothitelle, L50, F|100/100\n|switch|p2b: Kingdra|Kingdra, L50, M|100/100\n|-ability|p1b: Tinkaton|Mold Breaker\n|turn|1\n|\n|t:|1735731377\n|move|p2b: Kingdra|Protect|p2b: Kingdra\n|-singleturn|p2b: Kingdra|Protect\n|move|p2a: Gothitelle|Protect|p2a: Gothitelle\n|-singleturn|p2a: Gothitelle|Protect\n|move|p1b: Tinkaton|Fake Out|p2a: Gothitelle\n|-activate|p2a: Gothitelle|move: Protect\n|move|p1a: Glimmora|Mortal Spin|p2a: Gothitelle|[spread] \n|-activate|p2a: Gothitelle|move: Protect\n|-activate|p2b: Kingdra|move: Protect\n|\n|upkeep\n|turn|2\n|\n|t:|1735731395\n|switch|p2a: Politoed|Politoed, L50, M|100/100\n|-weather|RainDance|[from] ability: Drizzle|[of] p2a: Politoed\n|move|p2b: Kingdra|Weather Ball|p1a: Glimmora\n|-supereffective|p1a: Glimmora\n|-damage|p1a: Glimmora|0 fnt\n|faint|p1a: Glimmora\n|-damage|p2b: Kingdra|91/100|[from] item: Life Orb\n|move|p1b: Tinkaton|Knock Off|p2a: Politoed\n|-damage|p2a: Politoed|79/100\n|-enditem|p2a: Politoed|Leftovers|[from] move: Knock Off|[of] p1b: Tinkaton\n|\n|-weather|RainDance|[upkeep]\n|upkeep\n|\n|t:|1735731412\n|switch|p1a: Gastrodon|Gastrodon, L50, F|100/100\n|turn|3\n|\n|t:|1735731423\n|switch|p2b: Gothitelle|Gothitelle, L50, F|100/100\n|move|p1b: Tinkaton|Gigaton Hammer|p2b: Gothitelle\n|-damage|p2b: Gothitelle|49/100\n|-enditem|p2b: Gothitelle|Sitrus Berry|[eat]\n|-heal|p2b: Gothitelle|74/100|[from] item: Sitrus Berry\n|move|p2a: Politoed|Perish Song|p2a: Politoed\n|-start|p1a: Gastrodon|perish3|[silent]\n|-start|p1b: Tinkaton|perish3|[silent]\n|-start|p2a: Politoed|perish3|[silent]\n|-start|p2b: Gothitelle|perish3|[silent]\n|-fieldactivate|move: Perish Song\n|move|p1a: Gastrodon|Sludge Bomb|p2a: Politoed\n|-damage|p2a: Politoed|55/100\n|\n|-weather|RainDance|[upkeep]\n|-start|p1b: Tinkaton|perish3\n|-start|p2a: Politoed|perish3\n|-start|p2b: Gothitelle|perish3\n|-start|p1a: Gastrodon|perish3\n|upkeep\n|turn|4\n|inactive|MrRonV has 30 seconds left.\n|inactive|jon duan jozo has 30 seconds left.\n|\n|t:|1735731457\n|switch|p2a: Incineroar|Incineroar, L50, M|100/100\n|-ability|p2a: Incineroar|Intimidate|boost\n|-unboost|p1a: Gastrodon|atk|1\n|-unboost|p1b: Tinkaton|atk|1\n|move|p2b: Gothitelle|Fake Out|p1b: Tinkaton\n|-resisted|p1b: Tinkaton\n|-damage|p1b: Tinkaton|97/100\n|cant|p1b: Tinkaton|flinch\n|move|p1a: Gastrodon|Sludge Bomb|p2a: Incineroar\n|-damage|p2a: Incineroar|81/100\n|\n|-weather|RainDance|[upkeep]\n|-start|p1b: Tinkaton|perish2\n|-start|p2b: Gothitelle|perish2\n|-start|p1a: Gastrodon|perish2\n|upkeep\n|turn|5\n|inactive|MrRonV has 30 seconds left.\n|inactive|jon duan jozo has 30 seconds left.\n|\n|t:|1735731490\n|move|p2b: Gothitelle|Protect|p2b: Gothitelle\n|-singleturn|p2b: Gothitelle|Protect\n|move|p2a: Incineroar|Fake Out|p1a: Gastrodon\n|-damage|p1a: Gastrodon|89/100\n|-damage|p2a: Incineroar|65/100|[from] item: Rocky Helmet|[of] p1a: Gastrodon\n|move|p1b: Tinkaton|Knock Off|p2b: Gothitelle\n|-activate|p2b: Gothitelle|move: Protect\n|cant|p1a: Gastrodon|flinch\n|\n|-weather|RainDance|[upkeep]\n|-start|p1b: Tinkaton|perish1\n|-start|p2b: Gothitelle|perish1\n|-start|p1a: Gastrodon|perish1\n|upkeep\n|turn|6\n|inactive|jon duan jozo has 30 seconds left.\n|inactive|jon duan jozo has 20 seconds left.\n|inactive|jon duan jozo has 15 seconds left.\n|inactive|jon duan jozo has 10 seconds left.\n|inactive|jon duan jozo has 5 seconds left.\n|\n|t:|1735731545\n|move|p1b: Tinkaton|Gigaton Hammer|p2b: Gothitelle\n|-damage|p2b: Gothitelle|43/100\n|move|p2b: Gothitelle|Psychic|p1a: Gastrodon\n|-damage|p1a: Gastrodon|59/100\n|move|p1a: Gastrodon|Muddy Water|p2b: Gothitelle|[spread] p2a\n|-miss|p1a: Gastrodon|p2b: Gothitelle\n|-supereffective|p2a: Incineroar\n|-damage|p2a: Incineroar|2/100\n|move|p2a: Incineroar|Knock Off|p1a: Gastrodon\n|-damage|p1a: Gastrodon|16/100\n|-damage|p2a: Incineroar|0 fnt|[from] item: Rocky Helmet|[of] p1a: Gastrodon\n|faint|p2a: Incineroar\n|\n|-weather|none\n|-start|p1b: Tinkaton|perish0\n|-start|p2b: Gothitelle|perish0\n|-start|p1a: Gastrodon|perish0\n|upkeep\n|faint|p1b: Tinkaton\n|faint|p2b: Gothitelle\n|faint|p1a: Gastrodon\n|\n|t:|1735731565\n|switch|p1b: Mabosstiff|Mabosstiff, L50, F|100/100\n|switch|p2b: Politoed|Politoed, L50, M|55/100\n|switch|p2a: Kingdra|Kingdra, L50, M|91/100\n|-weather|RainDance|[from] ability: Drizzle|[of] p2b: Politoed\n|turn|7\n|\n|t:|1735731577\n|-terastallize|p2a: Kingdra|Stellar\n|move|p2a: Kingdra|Weather Ball|p1b: Mabosstiff\n|-damage|p1b: Mabosstiff|0 fnt\n|faint|p1b: Mabosstiff\n|-damage|p2a: Kingdra|82/100|[from] item: Life Orb\n|\n|win|jon duan jozo\n|raw|MrRonV's rating: 1193 &rarr; <strong>1169</strong><br />(-24 for losing)\n|raw|jon duan jozo's rating: 1201 &rarr; <strong>1225</strong><br />(+24 for winning)\n|l|\u2606MrRonV\n|player|p1|\n|l|\u2606jon duan jozo\n|player|p2|\n",
  "uploadtime": 1735731962,
  "views": 40,
  "formatid": "gen9vgc2024regh",
  "rating": 1169,
  "private": 0,
  "password": null
}