{
  "id": "gen9vgc2024regh-2273169605",
  "format": "[Gen 9] VGC 2024 Reg H",
  "players": [
    "sillyfrog2003",
    "strike117"
  ],
  "log": "|j|\u2606sillyfrog2003\n|j|\u2606strike117\n|t:|1735744291\n|gametype|doubles\n|player|p1|sillyfrog2003|guitarist|1215\n|player|p2|strike117|169|1195\n|teamsize|p1|6\n|teamsize|p2|6\n|gen|9\n|tier|[Gen 9] VGC 2024 Reg H\n|rated|\n|rule|Species Clause: Limit one of each Pok\u00e9mon\n|rule|Item Clause: Limit 1 of each item\n|clearpoke\n|poke|p1|Porygon-Z, L50|\n|poke|p1|Ninetales-Alola, L50, F|\n|poke|p1|Whimsicott, L50, F|\n|poke|p1|Meowscarada, L50, F|\n|poke|p1|Flamigo, L50, F|\n|poke|p1|Garchomp, L50, F|\n|poke|p2|Bayleef, L50, F|\n|poke|p2|Blissey, L50, F|\n|poke|p2|Incineroar, L50, F|\n|poke|p2|Clefable, L50, F|\n|poke|p2|Garchomp, L50, F|\n|poke|p2|Lucario, L50, F|\n|teampreview|4\n|\n|t:|1735744324\n|start\n|switch|p1a: Meowscarada|Meowscarada, L50, F|100/100\n|switch|p1b: Flamigo|Flamigo, L50, F|100/100\n|switch|p2a: Bayleef|Bayleef, L50, F, shiny|100/100\n|switch|p2b: Incineroar|Incineroar, L50, F, shiny|100/100\n|-ability|p2b: Incineroar|Intimidate|boost\n|-unboost|p1a: Meowscarada|atk|1\n|-fail|p1b: Flamigo|unboost|Attack|[from] ability: Scrappy|[of] p1b: Flamigo\n|turn|1\n|\n|t:|1735744350\n|move|p2b: Incineroar|Fake Out|p1b: Flamigo\n|-damage|p1b: Flamigo|84/100\n|move|p1a: Meowscarada|Knock Off|p2a: Bayleef\n|-start|p1a: Meowscarada|typechange|Dark|[from] ability: Protean\n|-damage|p2a: Bayleef|74/100\n|-enditem|p2a: Bayleef|Eviolite|[from] move: Knock Off|[of] p1a: Meowscarada\n|cant|p1b: Flamigo|flinch\n|move|p2a: Bayleef|Leech Seed|p1b: Flamigo|[miss]\n|-miss|p2a: Bayleef|p1b: Flamigo\n|\n|upkeep\n|turn|2\n|inactive|Battle timer is ON: inactive players will automatically lose when time's up. (requested by sillyfrog2003)\n|\n|t:|1735744379\n|switch|p2a: Blissey|Blissey, L50, F, shiny|100/100\n|move|p1a: Meowscarada|Knock Off|p2b: Incineroar\n|-resisted|p2b: Incineroar\n|-damage|p2b: Incineroar|85/100\n|-enditem|p2b: Incineroar|Safety Goggles|[from] move: Knock Off|[of] p1a: Meowscarada\n|move|p1b: Flamigo|Acrobatics|p2a: Blissey\n|-damage|p2a: Blissey|78/100\n|move|p2b: Incineroar|Knock Off|p1b: Flamigo\n|-resisted|p1b: Flamigo\n|-damage|p1b: Flamigo|56/100\n|-enditem|p1b: Flamigo|White Herb|[from] move: Knock Off|[of] p2b: Incineroar\n|\n|-heal|p2a: Blissey|84/100|[from] item: Leftovers\n|upkeep\n|turn|3\n|\n|t:|1735744399\n|move|p1a: Meowscarada|Knock Off|p2a: Blissey\n|-damage|p2a: Blissey|57/100\n|-enditem|p2a: Blissey|Leftovers|[from] move: Knock Off|[of] p1a: Meowscarada\n|move|p1b: Flamigo|Close Combat|p2b: Incineroar\n|-supereffective|p2b: Incineroar\n|-damage|p2b: Incineroar|0 fnt\n|-unboost|p1b: Flamigo|def|1\n|-unboost|p1b: Flamigo|spd|1\n|faint|p2b: Incineroar\n|move|p2a: Blissey|Thunder Wave|p1b: Flamigo\n|-status|p1b: Flamigo|par\n|\n|upkeep\n|\n|t:|1735744412\n|switch|p2b: Clefable|Clefable, L50, F|100/100\n|turn|4\n|\n|t:|1735744422\n|switch|p1a: Garchomp|Garchomp, L50, F|100/100\n|move|p2b: Clefable|Thunderbolt|p1b: Flamigo\n|-supereffective|p1b: Flamigo\n|-damage|p1b: Flamigo|0 fnt\n|faint|p1b: Flamigo\n|move|p2a: Blissey|Thunder Wave|p1a: Garchomp\n|-immune|p1a: Garchomp\n|\n|upkeep\n|\n|t:|1735744432\n|switch|p1b: Meowscarada|Meowscarada, L50, F|100/100\n|turn|5\n|\n|t:|1735744442\n|-terastallize|p1a: Garchomp|Steel\n|move|p1b: Meowscarada|Flower Trick|p2a: Blissey\n|-start|p1b: Meowscarada|typechange|Grass|[from] ability: Protean\n|-crit|p2a: Blissey\n|-damage|p2a: Blissey|16/100\n|move|p1a: Garchomp|Iron Head|p2b: Clefable\n|-supereffective|p2b: Clefable\n|-damage|p2b: Clefable|0 fnt\n|faint|p2b: Clefable\n|move|p2a: Blissey|Thunder Wave|p1b: Meowscarada\n|-status|p1b: Meowscarada|par\n|\n|upkeep\n|\n|t:|1735744457\n|switch|p2b: Bayleef|Bayleef, L50, F, shiny|74/100\n|turn|6\n|\n|t:|1735744463\n|move|p1a: Garchomp|Iron Head|p2a: Blissey\n|-damage|p2a: Blissey|0 fnt\n|faint|p2a: Blissey\n|move|p1b: Meowscarada|Flower Trick|p2b: Bayleef\n|-resisted|p2b: Bayleef\n|-crit|p2b: Bayleef\n|-damage|p2b: Bayleef|48/100\n|move|p2b: Bayleef|Leech Seed|p1a: Garchomp\n|-start|p1a: Garchomp|move: Leech Seed\n|\n|-damage|p1a: Garchomp|88/100|[from] Leech Seed|[of] p2b: Bayleef\n|-heal|p2b: Bayleef|64/100|[silent]\n|upkeep\n|turn|7\n|\n|t:|1735744482\n|move|p2b: Bayleef|Protect|p2b: Bayleef\n|-singleturn|p2b: Bayleef|Protect\n|move|p1a: Garchomp|Iron Head|p2b: Bayleef\n|-activate|p2b: Bayleef|move: Protect\n|cant|p1b: Meowscarada|par\n|\n|-damage|p1a: Garchomp|76/100|[from] Leech Seed|[of] p2b: Bayleef\n|-heal|p2b: Bayleef|80/100|[silent]\n|upkeep\n|turn|8\n|inactive|strike117 has 30 seconds left.\n|inactive|strike117 has 20 seconds left.\n|inactive|strike117 has 15 seconds left.\n|inactive|strike117 has 10 seconds left.\n|\n|t:|1735744531\n|switch|p1a: Porygon-Z|Porygon-Z, L50|100/100\n|-terastallize|p2b: Bayleef|Fire\n|cant|p1b: Meowscarada|par\n|move|p2b: Bayleef|Giga Drain|p1a: Porygon-Z\n|-damage|p1a: Porygon-Z|78/100\n|-heal|p2b: Bayleef|94/100|[from] drain|[of] p1a: Porygon-Z\n|\n|upkeep\n|turn|9\n|\n|t:|1735744544\n|switch|p1b: Garchomp|Garchomp, L50, F, tera:Steel|76/100\n|move|p1a: Porygon-Z|Tri Attack|p2b: Bayleef\n|-damage|p2b: Bayleef|10/100\n|-damage|p1a: Porygon-Z|68/100|[from] item: Life Orb\n|move|p2b: Bayleef|Leech Seed|p1a: Porygon-Z\n|-start|p1a: Porygon-Z|move: Leech Seed\n|\n|-damage|p1a: Porygon-Z|55/100|[from] Leech Seed|[of] p2b: Bayleef\n|-heal|p2b: Bayleef|25/100|[silent]\n|upkeep\n|turn|10\n|\n|t:|1735744560\n|move|p2b: Bayleef|Protect|p2b: Bayleef\n|-singleturn|p2b: Bayleef|Protect\n|move|p1b: Garchomp|Iron Head|p2b: Bayleef\n|-activate|p2b: Bayleef|move: Protect\n|move|p1a: Porygon-Z|Tri Attack|p2b: Bayleef\n|-activate|p2b: Bayleef|move: Protect\n|\n|-damage|p1a: Porygon-Z|43/100|[from] Leech Seed|[of] p2b: Bayleef\n|-heal|p2b: Bayleef|39/100|[silent]\n|upkeep\n|turn|11\n|\n|t:|1735744571\n|move|p2b: Bayleef|Protect||[still]\n|-fail|p2b: Bayleef\n|move|p1b: Garchomp|Iron Head|p2b: Bayleef\n|-resisted|p2b: Bayleef\n|-damage|p2b: Bayleef|3/100\n|move|p1a: Porygon-Z|Tri Attack|p2b: Bayleef\n|-damage|p2b: Bayleef|0 fnt\n|faint|p2b: Bayleef\n|-damage|p1a: Porygon-Z|33/100|[from] item: Life Orb\n|\n|win|sillyfrog2003\n|raw|sillyfrog2003's rating: 1215 &rarr; <strong>1239</strong><br />(+24 for winning)\n|raw|strike117's rating: 1195 &rarr; <strong>1171</strong><br />(-24 for losing)\n|l|\u2606strike117\n|player|p2|\n|l|\u2606sillyfrog2003\n|player|p1|\n",
  "uploadtime": 1735744874,
  "views": 121,
  "formatid": "gen9vgc2024regh",
  "rating": 1171,
  "private": 0,
  "password": null
}