{
  "id": "gen9vgc2024regh-2273114216",
  "format": "[Gen 9] VGC 2024 Reg H",
  "players": [
    "Gcddtyjngff",
    "CocoCekodok"
  ],
  "log": "|j|\u2606Gcddtyjngff\n|j|\u2606CocoCekodok\n|t:|1735733418\n|gametype|doubles\n|player|p1|Gcddtyjngff|169|1062\n|player|p2|CocoCekodok|266|1000\n|teamsize|p1|6\n|teamsize|p2|6\n|gen|9\n|tier|[Gen 9] VGC 2024 Reg H\n|rated|\n|rule|Species Clause: Limit one of each Pok\u00e9mon\n|rule|Item Clause: Limit 1 of each item\n|clearpoke\n|poke|p1|Smeargle, L50, F|\n|poke|p1|Muk-Alola, L50, M|\n|poke|p1|Umbreon, L50, F|\n|poke|p1|Annihilape, L50, M|\n|poke|p1|Volcarona, L50, M|\n|poke|p1|Grimmsnarl, L50, M|\n|poke|p2|Weezing-Galar, L50, M|\n|poke|p2|Toedscruel, L50, F|\n|poke|p2|Pawmot, L50, M|\n|poke|p2|Corviknight, L50, M|\n|poke|p2|Typhlosion-Hisui, L50, M|\n|poke|p2|Garchomp, L50, M|\n|teampreview|4\n|inactive|Battle timer is ON: inactive players will automatically lose when time's up. (requested by Gcddtyjngff)\nCocoCekodok rejected open team sheets.\n|inactive|CocoCekodok has 60 seconds left.\n|\n|t:|1735733480\n|start\n|switch|p1a: Muk|Muk-Alola, L50, M|100/100\n|switch|p1b: Umbreon|Umbreon, L50, F|100/100\n|switch|p2a: Fumeshute|Weezing-Galar, L50, M|100/100\n|switch|p2b: Fungi|Toedscruel, L50, F, shiny|100/100\n|-ability|p2a: Fumeshute|Neutralizing Gas\n|turn|1\n|\n|t:|1735733503\n|move|p1b: Umbreon|Detect|p1b: Umbreon\n|-singleturn|p1b: Umbreon|Protect\n|move|p2b: Fungi|Rage Powder|p2b: Fungi\n|-singleturn|p2b: Fungi|move: Rage Powder\n|move|p2a: Fumeshute|Dazzling Gleam|p1a: Muk|[spread] p1a\n|-activate|p1b: Umbreon|move: Protect\n|-damage|p1a: Muk|73/100\n|move|p1a: Muk|Minimize|p1a: Muk\n|-boost|p1a: Muk|evasion|2\n|\n|-heal|p1a: Muk|79/100|[from] item: Leftovers\n|upkeep\n|turn|2\n|\n|t:|1735733526\n|move|p2b: Fungi|Earth Power|p1a: Muk\n|-supereffective|p1a: Muk\n|-damage|p1a: Muk|33/100\n|move|p2a: Fumeshute|Dazzling Gleam|p1b: Umbreon|[spread] p1b\n|-miss|p2a: Fumeshute|p1a: Muk\n|-supereffective|p1b: Umbreon\n|-damage|p1b: Umbreon|49/100\n|move|p1b: Umbreon|Psych Up|p1a: Muk\n|-copyboost|p1b: Umbreon|p1a: Muk|[from] move: Psych Up\n|move|p1a: Muk|Substitute|p1a: Muk\n|-start|p1a: Muk|Substitute\n|-damage|p1a: Muk|8/100\n|\n|-heal|p1a: Muk|14/100|[from] item: Leftovers\n|upkeep\n|turn|3\n|\n|t:|1735733545\n|move|p1a: Muk|Protect|p1a: Muk\n|-singleturn|p1a: Muk|Protect\n|move|p2b: Fungi|Earth Power|p1a: Muk\n|-activate|p1a: Muk|move: Protect\n|move|p2a: Fumeshute|Dazzling Gleam|p1a: Muk|[spread] p1b\n|-activate|p1a: Muk|move: Protect\n|-supereffective|p1b: Umbreon\n|-damage|p1b: Umbreon|3/100\n|move|p1b: Umbreon|Baton Pass|p1b: Umbreon\n|\n|t:|1735733562\n|switch|p1b: Volcarona|Volcarona, L50, M|100/100|[from] Baton Pass\n|\n|-heal|p1a: Muk|20/100|[from] item: Leftovers\n|upkeep\n|turn|4\n|\n|t:|1735733582\n|-terastallize|p1b: Volcarona|Grass\n|move|p2b: Fungi|Earth Power|p1a: Muk\n|-supereffective|p1a: Muk\n|-end|p1a: Muk|Substitute\n|move|p1b: Volcarona|Quiver Dance|p1b: Volcarona\n|-boost|p1b: Volcarona|spa|1\n|-boost|p1b: Volcarona|spd|1\n|-boost|p1b: Volcarona|spe|1\n|move|p2a: Fumeshute|Dazzling Gleam|p1b: Volcarona|[spread] p1b\n|-miss|p2a: Fumeshute|p1a: Muk\n|-damage|p1b: Volcarona|79/100\n|move|p1a: Muk|Toxic|p2b: Fungi\n|-status|p2b: Fungi|tox\n|\n|-heal|p1a: Muk|26/100|[from] item: Leftovers\n|-damage|p2b: Fungi|94/100 tox|[from] psn\n|upkeep\n|turn|5\n|\n|t:|1735733603\n|move|p1a: Muk|Protect|p1a: Muk\n|-singleturn|p1a: Muk|Protect\n|move|p1b: Volcarona|Quiver Dance|p1b: Volcarona\n|-boost|p1b: Volcarona|spa|1\n|-boost|p1b: Volcarona|spd|1\n|-boost|p1b: Volcarona|spe|1\n|move|p2b: Fungi|Spore|p1b: Volcarona\n|-immune|p1b: Volcarona\n|move|p2a: Fumeshute|Dazzling Gleam|p1b: Volcarona|[spread] \n|-activate|p1a: Muk|move: Protect\n|-miss|p2a: Fumeshute|p1b: Volcarona\n|\n|-heal|p1a: Muk|33/100|[from] item: Leftovers\n|-damage|p2b: Fungi|82/100 tox|[from] psn\n|upkeep\n|turn|6\n|\n|t:|1735733625\n|move|p1b: Volcarona|Quiver Dance|p1b: Volcarona\n|-boost|p1b: Volcarona|spa|1\n|-boost|p1b: Volcarona|spd|1\n|-boost|p1b: Volcarona|spe|1\n|move|p2b: Fungi|Acid Spray|p1b: Volcarona\n|-supereffective|p1b: Volcarona\n|-damage|p1b: Volcarona|71/100\n|-unboost|p1b: Volcarona|spd|2\n|move|p2a: Fumeshute|Dazzling Gleam|p1b: Volcarona|[spread] p1a,p1b\n|-damage|p1a: Muk|7/100\n|-damage|p1b: Volcarona|50/100\n|move|p1a: Muk|Substitute|p1a: Muk\n|-fail|p1a: Muk|move: Substitute|[weak]\n|\n|-heal|p1a: Muk|13/100|[from] item: Leftovers\n|-damage|p2b: Fungi|64/100 tox|[from] psn\n|upkeep\n|turn|7\n|\n|t:|1735733647\n|switch|p2b: Shock-on|Pawmot, L50, M|100/100\n|move|p1a: Muk|Protect|p1a: Muk\n|-singleturn|p1a: Muk|Protect\n|move|p1b: Volcarona|Giga Drain|p2b: Shock-on\n|-enditem|p2b: Shock-on|Focus Sash\n|-damage|p2b: Shock-on|1/100\n|-heal|p1b: Volcarona|89/100|[from] drain|[of] p2b: Shock-on\n|-damage|p1b: Volcarona|79/100|[from] item: Life Orb\n|move|p2a: Fumeshute|Dazzling Gleam|p1b: Volcarona|[spread] p1b\n|-activate|p1a: Muk|move: Protect\n|-damage|p1b: Volcarona|58/100\n|\n|-heal|p1a: Muk|19/100|[from] item: Leftovers\n|upkeep\n|turn|8\n|\n|t:|1735733665\n|move|p2b: Shock-on|Fake Out|p1b: Volcarona\n|-damage|p1b: Volcarona|44/100\n|cant|p1b: Volcarona|flinch\n|move|p2a: Fumeshute|Dazzling Gleam|p1a: Muk|[spread] p1a,p1b\n|-damage|p1a: Muk|0 fnt\n|-damage|p1b: Volcarona|22/100\n|faint|p1a: Muk\n|\n|upkeep\n|\n|t:|1735733675\n|switch|p1a: Annihilape|Annihilape, L50, M|100/100\n|turn|9\n|\n|t:|1735733682\n|move|p2b: Shock-on|Protect|p2b: Shock-on\n|-singleturn|p2b: Shock-on|Protect\n|move|p1b: Volcarona|Giga Drain|p2a: Fumeshute\n|-resisted|p2a: Fumeshute\n|-damage|p2a: Fumeshute|19/100\n|-heal|p1b: Volcarona|55/100|[from] drain|[of] p2a: Fumeshute\n|-damage|p1b: Volcarona|45/100|[from] item: Life Orb\n|move|p1a: Annihilape|Bulk Up|p1a: Annihilape\n|-boost|p1a: Annihilape|atk|1\n|-boost|p1a: Annihilape|def|1\n|move|p2a: Fumeshute|Dazzling Gleam|p1b: Volcarona|[spread] p1a\n|-miss|p2a: Fumeshute|p1b: Volcarona\n|-supereffective|p1a: Annihilape\n|-damage|p1a: Annihilape|29/100\n|-enditem|p1a: Annihilape|Sitrus Berry|[eat]\n|-heal|p1a: Annihilape|53/100|[from] item: Sitrus Berry\n|\n|upkeep\n|turn|10\n|inactive|CocoCekodok has 30 seconds left.\n|\n|t:|1735733708\n|move|p1a: Annihilape|Protect|p1a: Annihilape\n|-singleturn|p1a: Annihilape|Protect\n|move|p1b: Volcarona|Heat Wave|p2b: Shock-on|[spread] p2a,p2b\n|-damage|p2a: Fumeshute|0 fnt\n|-damage|p2b: Shock-on|0 fnt\n|faint|p2a: Fumeshute\n|-end|p2a: Fumeshute|ability: Neutralizing Gas\n|faint|p2b: Shock-on\n|-damage|p1b: Volcarona|35/100|[from] item: Life Orb\n|\n|upkeep\n|\n|t:|1735733717\n|switch|p2b: Skywalker|Corviknight, L50, M|100/100\n|switch|p2a: Fungi|Toedscruel, L50, F, shiny|64/100 tox\n|turn|11\n|\n|t:|1735733731\n|move|p1b: Volcarona|Heat Wave|p2b: Skywalker|[spread] p2b\n|-miss|p1b: Volcarona|p2a: Fungi\n|-supereffective|p2b: Skywalker\n|-damage|p2b: Skywalker|0 fnt\n|faint|p2b: Skywalker\n|-damage|p1b: Volcarona|25/100|[from] item: Life Orb\n|move|p1a: Annihilape|Rage Fist|p2a: Fungi\n|-damage|p2a: Fungi|0 fnt\n|faint|p2a: Fungi\n|\n|win|Gcddtyjngff\n|raw|Gcddtyjngff's rating: 1062 &rarr; <strong>1087</strong><br />(+25 for winning)\n|raw|CocoCekodok's rating: 1000 &rarr; <strong>1000</strong><br />(+0 for losing)\n|l|\u2606CocoCekodok\n|player|p2|\n",
  "uploadtime": 1735733742,
  "views": 11,
  "formatid": "gen9vgc2024regh",
  "rating": 1000,
  "private": 0,
  "password": null
}