{
  "id": "gen9vgc2024regh-2273190780",
  "format": "[Gen 9] VGC 2024 Reg H",
  "players": [
    "SniffLazer",
    "Evan_egggg"
  ],
  "log": "|j|\u2606SniffLazer\n|j|\u2606Evan_egggg\n|t:|1735747644\n|gametype|doubles\n|player|p1|SniffLazer|1|1207\n|player|p2|Evan_egggg|lucas|1164\n|teamsize|p1|6\n|teamsize|p2|6\n|gen|9\n|tier|[Gen 9] VGC 2024 Reg H\n|rated|\n|rule|Species Clause: Limit one of each Pok\u00e9mon\n|rule|Item Clause: Limit 1 of each item\n|clearpoke\n|poke|p1|Glimmora, L50, F|\n|poke|p1|Ursaluna-Bloodmoon, L50, M|\n|poke|p1|Farigiraf, L50, M|\n|poke|p1|Amoonguss, L50, M|\n|poke|p1|Sinistcha, L50|\n|poke|p1|Quaquaval, L50, M|\n|poke|p2|Incineroar, L50, F|\n|poke|p2|Typhlosion-Hisui, L50, F|\n|poke|p2|Ursaluna-Bloodmoon, L50, M|\n|poke|p2|Amoonguss, L50, F|\n|poke|p2|Slowbro, L50, M|\n|poke|p2|Murkrow, L50, F|\n|teampreview|4\n|inactive|Battle timer is ON: inactive players will automatically lose when time's up. (requested by Evan_egggg)\n|\n|t:|1735747668\n|start\n|switch|p1a: Glimmora|Glimmora, L50, F|100/100\n|switch|p1b: Quaquaval|Quaquaval, L50, M|100/100\n|switch|p2a: Ursaluna|Ursaluna-Bloodmoon, L50, M|100/100\n|switch|p2b: Slowbro|Slowbro, L50, M|100/100\n|turn|1\n|\n|t:|1735747684\n|-terastallize|p1a: Glimmora|Grass\n|-terastallize|p2a: Ursaluna|Grass\n|move|p1b: Quaquaval|Flip Turn|p2a: Ursaluna\n|-resisted|p2a: Ursaluna\n|-damage|p2a: Ursaluna|90/100\n|\n|t:|1735747693\n|switch|p1b: Sinistcha|Sinistcha, L50|100/100|[from] Flip Turn\n|move|p1a: Glimmora|Meteor Beam||[still]\n|-prepare|p1a: Glimmora|Meteor Beam\n|-boost|p1a: Glimmora|spa|1\n|-enditem|p1a: Glimmora|Power Herb\n|-anim|p1a: Glimmora|Meteor Beam|p2b: Slowbro\n|-damage|p2b: Slowbro|0 fnt\n|faint|p2b: Slowbro\n|move|p2a: Ursaluna|Blood Moon|p1b: Sinistcha\n|-enditem|p1b: Sinistcha|Focus Sash\n|-damage|p1b: Sinistcha|1/100\n|-damage|p2a: Ursaluna|80/100|[from] item: Life Orb\n|\n|upkeep\n|\n|t:|1735747706\n|switch|p2b: Incineroar|Incineroar, L50, F|100/100\n|-ability|p2b: Incineroar|Intimidate|boost\n|-unboost|p1a: Glimmora|atk|1\n|-unboost|p1b: Sinistcha|atk|1\n|turn|2\n|\n|t:|1735747728\n|move|p2b: Incineroar|Fake Out|p1a: Glimmora\n|-damage|p1a: Glimmora|88/100\n|-activate|p1a: Glimmora|ability: Toxic Debris\n|-sidestart|p2: Evan_egggg|move: Toxic Spikes\n|move|p1b: Sinistcha|Matcha Gotcha|p2b: Incineroar|[spread] p2a,p2b\n|-resisted|p2a: Ursaluna\n|-resisted|p2b: Incineroar\n|-damage|p2a: Ursaluna|65/100\n|-heal|p1b: Sinistcha|12/100|[from] drain|[of] p2a: Ursaluna\n|-damage|p2b: Incineroar|86/100\n|-heal|p1b: Sinistcha|22/100|[from] drain|[of] p2b: Incineroar\n|-status|p2a: Ursaluna|brn\n|cant|p1a: Glimmora|flinch\n|move|p2a: Ursaluna|Hyper Voice|p1b: Sinistcha|[spread] p1a,p1b\n|-damage|p1a: Glimmora|35/100\n|-damage|p1b: Sinistcha|0 fnt\n|faint|p1b: Sinistcha\n|-damage|p2a: Ursaluna|55/100 brn|[from] item: Life Orb\n|\n|-damage|p2a: Ursaluna|49/100 brn|[from] brn\n|upkeep\n|\n|t:|1735747750\n|switch|p1b: Quaquaval|Quaquaval, L50, M|100/100\n|turn|3\n|\n|t:|1735747768\n|switch|p2b: Amoonguss|Amoonguss, L50, F, shiny|100/100\n|-sideend|p2: Evan_egggg|move: Toxic Spikes|[of] p2b: Amoonguss\n|move|p1b: Quaquaval|Brave Bird|p2a: Ursaluna\n|-supereffective|p2a: Ursaluna\n|-damage|p2a: Ursaluna|0 fnt\n|faint|p2a: Ursaluna\n|-ability|p1b: Quaquaval|Moxie|boost\n|-boost|p1b: Quaquaval|atk|1\n|-damage|p1b: Quaquaval|79/100|[from] Recoil\n|move|p1a: Glimmora|Earth Power|p2b: Amoonguss\n|-damage|p2b: Amoonguss|55/100\n|\n|upkeep\n|\n|t:|1735747774\n|switch|p2a: Incineroar|Incineroar, L50, F|86/100\n|-ability|p2a: Incineroar|Intimidate|boost\n|-unboost|p1a: Glimmora|atk|1\n|-unboost|p1b: Quaquaval|atk|1\n|turn|4\n|inactive|SniffLazer has 30 seconds left.\n|\n|t:|1735747799\n|move|p2a: Incineroar|Fake Out|p1b: Quaquaval\n|-damage|p1b: Quaquaval|61/100\n|cant|p1b: Quaquaval|flinch\n|move|p1a: Glimmora|Earth Power|p2a: Incineroar\n|-supereffective|p2a: Incineroar\n|-damage|p2a: Incineroar|0 fnt\n|faint|p2a: Incineroar\n|move|p2b: Amoonguss|Sludge Bomb|p1a: Glimmora\n|-supereffective|p1a: Glimmora\n|-damage|p1a: Glimmora|0 fnt\n|faint|p1a: Glimmora\n|\n|upkeep\n|\n|t:|1735747811\n|switch|p1a: Amoonguss|Amoonguss, L50, M|100/100\n|turn|5\n|\n|t:|1735747820\n|move|p1a: Amoonguss|Rage Powder|p1a: Amoonguss\n|-singleturn|p1a: Amoonguss|move: Rage Powder\n|move|p1b: Quaquaval|Brave Bird|p2b: Amoonguss\n|-supereffective|p2b: Amoonguss\n|-damage|p2b: Amoonguss|0 fnt\n|faint|p2b: Amoonguss\n|-damage|p1b: Quaquaval|37/100|[from] Recoil\n|\n|win|SniffLazer\n|raw|SniffLazer's rating: 1207 &rarr; <strong>1229</strong><br />(+22 for winning)\n|raw|Evan_egggg's rating: 1164 &rarr; <strong>1142</strong><br />(-22 for losing)\n|l|\u2606Evan_egggg\n|player|p2|\n|l|\u2606SniffLazer\n|player|p1|\n",
  "uploadtime": 1735748197,
  "views": 129,
  "formatid": "gen9vgc2024regh",
  "rating": 1142,
  "private": 0,
  "password": null
}