{
  "id": "gen9vgc2024regh-2273113782",
  "format": "[Gen 9] VGC 2024 Reg H",
  "players": [
    "itsgentlecrab",
    "LocalCanine"
  ],
  "log": "|j|\u2606itsgentlecrab\n|j|\u2606LocalCanine\n|t:|1735733316\n|gametype|doubles\n|player|p1|itsgentlecrab|miku-ground|1131\n|player|p2|LocalCanine|101|1228\n|teamsize|p1|6\n|teamsize|p2|6\n|gen|9\n|tier|[Gen 9] VGC 2024 Reg H\n|rated|\n|rule|Species Clause: Limit one of each Pok\u00e9mon\n|rule|Item Clause: Limit 1 of each item\n|clearpoke\n|poke|p1|Plusle, L50, F|\n|poke|p1|Toxtricity-Low-Key, L50, F|\n|poke|p1|Kommo-o, L50, F|\n|poke|p1|Sinistcha, L50|\n|poke|p1|Kingambit, L50, M|\n|poke|p1|Arcanine, L50, M|\n|poke|p2|Politoed, L50, F|\n|poke|p2|Basculegion, L50, M|\n|poke|p2|Ludicolo, L50, M|\n|poke|p2|Grimmsnarl, L50, M|\n|poke|p2|Archaludon, L50, F|\n|poke|p2|Ambipom, L50, F|\n|teampreview|4\nLocalCanine has agreed to open team sheets.\n|inactive|Battle timer is ON: inactive players will automatically lose when time's up. (requested by LocalCanine)\nitsgentlecrab has agreed to open team sheets.\n|showteam|p1|Plusle||ChoiceScarf|Plus|Electroweb,FakeTears,Thunderbolt,SuperFang|||F|||50|,,,,,Ghost]Toxtricity-Low-Key||LifeOrb|Minus|SludgeBomb,Overdrive,Boomburst,Thunderbolt|||F|||50|,,,,,Normal]Kommo-o||ThroatSpray|Soundproof|ClangorousSoul,ClangingScales,Flamethrower,Protect|||F|||50|,,,,,Fire]Sinistcha||SitrusBerry|Hospitality|MatchaGotcha,LifeDew,RagePowder,TrickRoom||||||50|,,,,,Dark]Kingambit||SafetyGoggles|Defiant|KowtowCleave,SuckerPunch,SwordsDance,Protect|||M|||50|,,,,,Dark]Arcanine||MirrorHerb|Intimidate|FlareBlitz,WillOWisp,ExtremeSpeed,Protect|||M|||50|,,,,,Grass\n|showteam|p2|Politoed||DampRock|Drizzle|WeatherBall,Encore,Rest,Protect|||F|||50|,,,,,Water]Basculegion||ChoiceBand|SwiftSwim|LastRespects,WaveCrash,AquaJet,HeadSmash|||M|||50|,,,,,Water]Ludicolo||LifeOrb|SwiftSwim|GigaDrain,IcyWind,MuddyWater,Protect|||M|||50|,,,,,Water]Grimmsnarl||LightClay|Prankster|SpiritBreak,LightScreen,Reflect,PartingShot|||M|||50|,,,,,Dark]Archaludon||AssaultVest|Stamina|ElectroShot,BodyPress,FlashCannon,DracoMeteor|||F|||50|,,,,,Steel]Ambipom||NormalGem|Technician|KnockOff,FakeOut,TripleAxel,Uturn|||F|||50|,,,,,Normal\n|inactive|itsgentlecrab has 30 seconds left.\n|\n|t:|1735733360\n|start\n|switch|p1a: Arcanine|Arcanine, L50, M|100/100\n|switch|p1b: Toxtricity|Toxtricity-Low-Key, L50, F|100/100\n|switch|p2a: Politoed|Politoed, L50, F|100/100\n|switch|p2b: Grimmsnarl|Grimmsnarl, L50, M|100/100\n|-ability|p1a: Arcanine|Intimidate|boost\n|-unboost|p2a: Politoed|atk|1\n|-unboost|p2b: Grimmsnarl|atk|1\n|-weather|RainDance|[from] ability: Drizzle|[of] p2a: Politoed\n|turn|1\n|\n|t:|1735733373\n|switch|p1a: Plusle|Plusle, L50, F|100/100\n|move|p2b: Grimmsnarl|Light Screen|p2b: Grimmsnarl\n|-sidestart|p2: LocalCanine|move: Light Screen\n|move|p1b: Toxtricity|Overdrive|p2a: Politoed|[spread] p2a,p2b\n|-supereffective|p2a: Politoed\n|-damage|p2a: Politoed|52/100\n|-damage|p2b: Grimmsnarl|55/100\n|-damage|p1b: Toxtricity|91/100|[from] item: Life Orb\n|move|p2a: Politoed|Weather Ball|p1a: Plusle\n|-damage|p1a: Plusle|24/100\n|\n|-weather|RainDance|[upkeep]\n|upkeep\n|turn|2\n|\n|t:|1735733393\n|move|p2b: Grimmsnarl|Reflect|p2b: Grimmsnarl\n|-sidestart|p2: LocalCanine|Reflect\n|move|p1a: Plusle|Electroweb|p2b: Grimmsnarl|[spread] p2a,p2b\n|-supereffective|p2a: Politoed\n|-damage|p2a: Politoed|30/100\n|-damage|p2b: Grimmsnarl|36/100\n|-unboost|p2a: Politoed|spe|1\n|-unboost|p2b: Grimmsnarl|spe|1\n|move|p1b: Toxtricity|Overdrive|p2a: Politoed|[spread] p2a,p2b\n|-supereffective|p2a: Politoed\n|-damage|p2a: Politoed|0 fnt\n|-damage|p2b: Grimmsnarl|0 fnt\n|faint|p2a: Politoed\n|faint|p2b: Grimmsnarl\n|-damage|p1b: Toxtricity|81/100|[from] item: Life Orb\n|\n|-weather|RainDance|[upkeep]\n|upkeep\n|\n|t:|1735733406\n|switch|p2a: Basculegion|Basculegion, L50, M|100/100\n|switch|p2b: Archaludon|Archaludon, L50, F|100/100\n|turn|3\n|\n|t:|1735733430\n|switch|p1b: Arcanine|Arcanine, L50, M|100/100\n|-ability|p1b: Arcanine|Intimidate|boost\n|-unboost|p2a: Basculegion|atk|1\n|-unboost|p2b: Archaludon|atk|1\n|move|p2a: Basculegion|Last Respects|p1b: Arcanine\n|-damage|p1b: Arcanine|5/100\n|move|p1a: Plusle|Electroweb|p2b: Archaludon|[spread] p2a,p2b\n|-supereffective|p2a: Basculegion\n|-resisted|p2b: Archaludon\n|-damage|p2a: Basculegion|75/100\n|-damage|p2b: Archaludon|96/100\n|-unboost|p2a: Basculegion|spe|1\n|-unboost|p2b: Archaludon|spe|1\n|-ability|p2b: Archaludon|Stamina|boost\n|-boost|p2b: Archaludon|def|1\n|-enditem|p1b: Arcanine|Mirror Herb\n|-boost|p1b: Arcanine|def|1|[from] item: Mirror Herb\n|move|p2b: Archaludon|Electro Shot||[still]\n|-prepare|p2b: Archaludon|Electro Shot\n|-boost|p2b: Archaludon|spa|1\n|-anim|p2b: Archaludon|Electro Shot|p1a: Plusle\n|-resisted|p1a: Plusle\n|-damage|p1a: Plusle|0 fnt\n|faint|p1a: Plusle\n|\n|-weather|RainDance|[upkeep]\n|upkeep\n|inactive|itsgentlecrab has 30 seconds left.\n|inactive|itsgentlecrab has 20 seconds left.\n|\n|t:|1735733467\n|switch|p1a: Kingambit|Kingambit, L50, M|100/100\n|turn|4\n|\n|t:|1735733481\n|-terastallize|p1a: Kingambit|Dark\n|move|p1a: Kingambit|Sucker Punch|p2a: Basculegion\n|-supereffective|p2a: Basculegion\n|-damage|p2a: Basculegion|0 fnt\n|faint|p2a: Basculegion\n|move|p1b: Arcanine|Will-O-Wisp|p2b: Archaludon\n|-status|p2b: Archaludon|brn\n|move|p2b: Archaludon|Body Press|p1a: Kingambit\n|-supereffective|p1a: Kingambit\n|-damage|p1a: Kingambit|77/100\n|\n|-weather|RainDance|[upkeep]\n|-damage|p2b: Archaludon|90/100 brn|[from] brn\n|upkeep\n|turn|5\n|-message|LocalCanine forfeited.\n|\n|win|itsgentlecrab\n|raw|itsgentlecrab's rating: 1131 &rarr; <strong>1163</strong><br />(+32 for winning)\n|raw|LocalCanine's rating: 1228 &rarr; <strong>1196</strong><br />(-32 for losing)\n|l|\u2606LocalCanine\n|player|p2|\n|l|\u2606itsgentlecrab\n|player|p1|\n",
  "uploadtime": 1735733779,
  "views": 15,
  "formatid": "gen9vgc2024regh",
  "rating": 1163,
  "private": 0,
  "password": null
}