{
  "id": "gen9vgc2024regh-2273231017",
  "format": "[Gen 9] VGC 2024 Reg H",
  "players": [
    "shihevixe3",
    "liam.2025"
  ],
  "log": "|j|\u2606shihevixe3\n|j|\u2606liam.2025\n|t:|1735753387\n|gametype|doubles\n|player|p1|shihevixe3|palmer|1503\n|player|p2|liam.2025|policeman|1654\n|teamsize|p1|6\n|teamsize|p2|6\n|gen|9\n|tier|[Gen 9] VGC 2024 Reg H\n|rated|\n|rule|Species Clause: Limit one of each Pok\u00e9mon\n|rule|Item Clause: Limit 1 of each item\n|clearpoke\n|poke|p1|Pelipper, L50, F|\n|poke|p1|Annihilape, L50, M|\n|poke|p1|Archaludon, L50, F|\n|poke|p1|Sinistcha-Masterpiece, L50|\n|poke|p1|Grimmsnarl, L50, M|\n|poke|p1|Ursaluna, L50, M|\n|poke|p2|Weezing-Galar, L50, M|\n|poke|p2|Toedscruel, L50, M|\n|poke|p2|Dragapult, L50, M|\n|poke|p2|Talonflame, L50, F|\n|poke|p2|Ursaluna-Bloodmoon, L50, M|\n|poke|p2|Indeedee, L50, M|\n|teampreview|4\n|\n|t:|1735753458\n|start\n|switch|p1a: Annihilape|Annihilape, L50, M|100/100\n|switch|p1b: Archaludon|Archaludon, L50, F|100/100\n|switch|p2a: Weezing|Weezing-Galar, L50, M|100/100\n|switch|p2b: Talonflame|Talonflame, L50, F|100/100\n|-ability|p2a: Weezing|Neutralizing Gas\n|turn|1\n|inactive|Battle timer is ON: inactive players will automatically lose when time's up. (requested by liam.2025)\n|inactive|shihevixe3 has 60 seconds left.\n|\n|t:|1735753494\n|-terastallize|p2a: Weezing|Ghost\n|move|p1a: Annihilape|U-turn|p2b: Talonflame\n|-resisted|p2b: Talonflame\n|-damage|p2b: Talonflame|93/100\n|\n|t:|1735753505\n|switch|p1a: Pelipper|Pelipper, L50, F|100/100|[from] U-turn\n|move|p2b: Talonflame|Tailwind|p2b: Talonflame\n|-sidestart|p2: liam.2025|move: Tailwind\n|move|p2a: Weezing|Dazzling Gleam|p1b: Archaludon|[spread] p1a,p1b\n|-damage|p1a: Pelipper|34/100\n|-damage|p1b: Archaludon|76/100\n|move|p1b: Archaludon|Electro Shot||[still]\n|-prepare|p1b: Archaludon|Electro Shot\n|-boost|p1b: Archaludon|spa|1\n|\n|upkeep\n|turn|2\n|\n|t:|1735753519\n|move|p1a: Pelipper|Protect|p1a: Pelipper\n|-singleturn|p1a: Pelipper|Protect\n|move|p2b: Talonflame|Brave Bird|p1a: Pelipper\n|-activate|p1a: Pelipper|move: Protect\n|move|p2a: Weezing|Dazzling Gleam|p1a: Pelipper|[spread] p1b\n|-activate|p1a: Pelipper|move: Protect\n|-damage|p1b: Archaludon|53/100\n|move|p1b: Archaludon|Electro Shot|p2b: Talonflame|[from]lockedmove\n|-supereffective|p2b: Talonflame\n|-damage|p2b: Talonflame|0 fnt\n|faint|p2b: Talonflame\n|\n|upkeep\n|\n|t:|1735753532\n|switch|p2b: Ursaluna|Ursaluna-Bloodmoon, L50, M|100/100\n|turn|3\n|\n|t:|1735753546\n|-terastallize|p1b: Archaludon|Bug\n|move|p2b: Ursaluna|Earth Power|p1b: Archaludon\n|-resisted|p1b: Archaludon\n|-damage|p1b: Archaludon|36/100\n|move|p2a: Weezing|Dazzling Gleam|p1b: Archaludon|[spread] p1a,p1b\n|-damage|p1a: Pelipper|0 fnt\n|-damage|p1b: Archaludon|12/100\n|faint|p1a: Pelipper\n|move|p1b: Archaludon|Flash Cannon|p2b: Ursaluna\n|-damage|p2b: Ursaluna|59/100\n|\n|upkeep\n|\n|t:|1735753554\n|switch|p1a: Annihilape|Annihilape, L50, M|100/100\n|turn|4\n|j| fjfjdjkdjdjdhf\n|\n|t:|1735753577\n|move|p1a: Annihilape|Close Combat|p2b: Ursaluna\n|-supereffective|p2b: Ursaluna\n|-damage|p2b: Ursaluna|0 fnt\n|-unboost|p1a: Annihilape|def|1\n|-unboost|p1a: Annihilape|spd|1\n|faint|p2b: Ursaluna\n|move|p2a: Weezing|Dazzling Gleam|p1b: Archaludon|[spread] p1a,p1b\n|-supereffective|p1a: Annihilape\n|-damage|p1a: Annihilape|0 fnt\n|-damage|p1b: Archaludon|0 fnt\n|faint|p1a: Annihilape\n|faint|p1b: Archaludon\n|\n|-sideend|p2: liam.2025|move: Tailwind\n|upkeep\n|\n|t:|1735753588\n|switch|p1b: Sinistcha|Sinistcha-Masterpiece, L50, shiny|100/100\n|switch|p2b: Indeedee|Indeedee, L50, M|100/100\n|-fieldstart|move: Psychic Terrain|[from] ability: Psychic Surge|[of] p2b: Indeedee\n|turn|5\n|c|\u2606liam.2025|gg\n|-message|shihevixe3 forfeited.\n|\n|win|liam.2025\n|raw|shihevixe3's rating: 1503 &rarr; <strong>1491</strong><br />(-12 for losing)\n|raw|liam.2025's rating: 1654 &rarr; <strong>1666</strong><br />(+12 for winning)\n|l|\u2606shihevixe3\n|player|p1|\n|l| fjfjdjkdjdjdhf\n",
  "uploadtime": 1735753869,
  "views": 389,
  "formatid": "gen9vgc2024regh",
  "rating": 1491,
  "private": 0,
  "password": null
}