{
  "id": "gen9vgc2024regh-2273116005",
  "format": "[Gen 9] VGC 2024 Reg H",
  "players": [
    "Struggletown",
    "ryuu13g"
  ],
  "log": "|j|\u2606Struggletown\n|j|\u2606ryuu13g\n|t:|1735733835\n|gametype|doubles\n|player|p1|Struggletown|backersf|1220\n|player|p2|ryuu13g|riley|1324\n|teamsize|p1|6\n|teamsize|p2|6\n|gen|9\n|tier|[Gen 9] VGC 2024 Reg H\n|rated|\n|rule|Species Clause: Limit one of each Pok\u00e9mon\n|rule|Item Clause: Limit 1 of each item\n|clearpoke\n|poke|p1|Weezing-Galar, L50, F|\n|poke|p1|Houndoom, L50, M|\n|poke|p1|Pelipper, L50, M|\n|poke|p1|Hariyama, L50, F|\n|poke|p1|Mimikyu, L50, F|\n|poke|p1|Metagross, L50|\n|poke|p2|Tyranitar, L50, M|\n|poke|p2|Excadrill, L50, F|\n|poke|p2|Gholdengo, L50|\n|poke|p2|Sneasler, L50, M|\n|poke|p2|Talonflame, L50, M|\n|poke|p2|Rillaboom, L50, F|\n|teampreview|4\n|inactive|Battle timer is ON: inactive players will automatically lose when time's up. (requested by Struggletown)\n|inactive|Struggletown has 60 seconds left.\n|inactive|ryuu13g has 60 seconds left.\n|\n|t:|1735733885\n|start\n|switch|p1a: Mimikyu|Mimikyu, L50, F|100/100\n|switch|p1b: Metagross|Metagross, L50|100/100\n|switch|p2a: mole|Excadrill, L50, F|100/100\n|switch|p2b: security|Talonflame, L50, M|100/100\n|turn|1\n|inactive|Struggletown has 30 seconds left.\n|\n|t:|1735733913\n|move|p2b: security|Tailwind|p2b: security\n|-sidestart|p2: ryuu13g|move: Tailwind\n|move|p2a: mole|Earthquake|p1b: Metagross|[spread] p1a,p1b\n|-immune|p2b: security\n|-supereffective|p1b: Metagross\n|-activate|p1a: Mimikyu|ability: Disguise\n|-damage|p1a: Mimikyu|100/100\n|-damage|p1b: Metagross|30/100\n|-enditem|p1b: Metagross|Weakness Policy\n|-boost|p1b: Metagross|atk|2|[from] item: Weakness Policy\n|-boost|p1b: Metagross|spa|2|[from] item: Weakness Policy\n|detailschange|p1a: Mimikyu|Mimikyu-Busted, L50, F\n|-damage|p1a: Mimikyu|88/100|[from] pokemon: Mimikyu-Busted\n|move|p1a: Mimikyu|Will-O-Wisp|p2a: mole\n|-status|p2a: mole|brn\n|move|p1b: Metagross|Psychic Fangs|p2b: security\n|-damage|p2b: security|0 fnt\n|faint|p2b: security\n|\n|-damage|p2a: mole|95/100 brn|[from] brn\n|upkeep\n|j| VYNCHIOC\n|c| VYNCHIOC|Kok mole\n|inactive|ryuu13g has 30 seconds left.\n|\n|t:|1735733940\n|switch|p2b: chunky boi|Tyranitar, L50, M|100/100\n|-weather|Sandstorm|[from] ability: Sand Stream|[of] p2b: chunky boi\n|turn|2\n|\n|t:|1735733951\n|move|p1b: Metagross|Protect|p1b: Metagross\n|-singleturn|p1b: Metagross|Protect\n|move|p2a: mole|Iron Head|p1a: Mimikyu\n|-supereffective|p1a: Mimikyu\n|-damage|p1a: Mimikyu|41/100\n|move|p2b: chunky boi|Knock Off|p1b: Metagross\n|-activate|p1b: Metagross|move: Protect\n|move|p1a: Mimikyu|Trick Room|p1a: Mimikyu\n|-fieldstart|move: Trick Room|[of] p1a: Mimikyu\n|\n|-weather|Sandstorm|[upkeep]\n|-damage|p1a: Mimikyu|35/100|[from] Sandstorm\n|-damage|p2a: mole|89/100 brn|[from] brn\n|upkeep\n|turn|3\n|inactive|Struggletown has 30 seconds left.\n|\n|t:|1735733984\n|move|p1b: Metagross|Heavy Slam|p2a: mole\n|-resisted|p2a: mole\n|-damage|p2a: mole|7/100 brn\n|move|p1a: Mimikyu|Will-O-Wisp|p2b: chunky boi\n|-status|p2b: chunky boi|brn\n|move|p2b: chunky boi|Knock Off|p1b: Metagross\n|-supereffective|p1b: Metagross\n|-damage|p1b: Metagross|3/100\n|move|p2a: mole|Iron Head|p1a: Mimikyu\n|-supereffective|p1a: Mimikyu\n|-damage|p1a: Mimikyu|0 fnt\n|faint|p1a: Mimikyu\n|\n|-weather|Sandstorm|[upkeep]\n|-damage|p2b: chunky boi|94/100 brn|[from] brn\n|-damage|p2a: mole|1/100 brn|[from] brn\n|upkeep\n|c| VYNCHIOC|No\n|\n|t:|1735734006\n|switch|p1a: Hariyama|Hariyama, L50, F|100/100\n|turn|4\n|c| VYNCHIOC|Damage burn setara leftovers\n|inactive|ryuu13g has 30 seconds left.\n|\n|t:|1735734039\n|-terastallize|p2b: chunky boi|Flying\n|move|p1a: Hariyama|Fire Punch|p2a: mole\n|-supereffective|p2a: mole\n|-damage|p2a: mole|0 fnt\n|faint|p2a: mole\n|move|p1b: Metagross|Heavy Slam|p2b: chunky boi\n|-damage|p2b: chunky boi|38/100 brn\n|move|p2b: chunky boi|Rock Slide|p1b: Metagross|[spread] p1a,p1b\n|-resisted|p1a: Hariyama\n|-resisted|p1b: Metagross\n|-damage|p1a: Hariyama|93/100\n|-damage|p1b: Metagross|0 fnt\n|faint|p1b: Metagross\n|\n|-weather|Sandstorm|[upkeep]\n|-damage|p1a: Hariyama|87/100|[from] Sandstorm\n|-damage|p2b: chunky boi|32/100 brn|[from] Sandstorm\n|-damage|p2b: chunky boi|26/100 brn|[from] brn\n|-sideend|p2: ryuu13g|move: Tailwind\n|upkeep\n|\n|t:|1735734058\n|switch|p1b: Pelipper|Pelipper, L50, M|100/100\n|switch|p2a: rizzler|Sneasler, L50, M|100/100\n|-weather|RainDance|[from] ability: Drizzle|[of] p1b: Pelipper\n|turn|5\n|inactive|Struggletown has 30 seconds left.\n|\n|t:|1735734091\n|move|p1a: Hariyama|Headlong Rush|p2a: rizzler\n|-supereffective|p2a: rizzler\n|-damage|p2a: rizzler|0 fnt\n|-unboost|p1a: Hariyama|def|1\n|-unboost|p1a: Hariyama|spd|1\n|faint|p2a: rizzler\n|-damage|p1a: Hariyama|77/100|[from] item: Life Orb\n|move|p1b: Pelipper|Weather Ball|p2b: chunky boi\n|-damage|p2b: chunky boi|0 fnt\n|faint|p2b: chunky boi\n|\n|win|Struggletown\n|raw|Struggletown's rating: 1220 &rarr; <strong>1252</strong><br />(+32 for winning)\n|raw|ryuu13g's rating: 1324 &rarr; <strong>1298</strong><br />(-26 for losing)\n|c|\u2606ryuu13g|gg\n|l|\u2606ryuu13g\n|player|p2|\n|l|\u2606Struggletown\n|player|p1|\n|l| VYNCHIOC\n",
  "uploadtime": 1735734477,
  "views": 56,
  "formatid": "gen9vgc2024regh",
  "rating": 1252,
  "private": 0,
  "password": null
}