{
  "id": "gen9vgc2024regh-2273117064",
  "format": "[Gen 9] VGC 2024 Reg H",
  "players": [
    "AragiTimoshi",
    "2012zar"
  ],
  "log": "|j|\u2606AragiTimoshi\n|j|\u26062012zar\n|t:|1735734073\n|gametype|doubles\n|player|p1|AragiTimoshi|riley|1403\n|player|p2|2012zar|266|1400\n|teamsize|p1|6\n|teamsize|p2|6\n|gen|9\n|tier|[Gen 9] VGC 2024 Reg H\n|rated|\n|rule|Species Clause: Limit one of each Pok\u00e9mon\n|rule|Item Clause: Limit 1 of each item\n|clearpoke\n|poke|p1|Ursaluna, L50, M|\n|poke|p1|Chandelure, L50, M|\n|poke|p1|Electrode-Hisui, L50|\n|poke|p1|Kingambit, L50, M|\n|poke|p1|Vivillon-Marine, L50, F|\n|poke|p1|Gastrodon-East, L50, M|\n|poke|p2|Ursaluna-Bloodmoon, L50, M|\n|poke|p2|Sneasler, L50, M|\n|poke|p2|Electabuzz, L50, M|\n|poke|p2|Talonflame, L50, M|\n|poke|p2|Incineroar, L50, F|\n|poke|p2|Indeedee, L50, M|\n|teampreview|4\n|inactive|Battle timer is ON: inactive players will automatically lose when time's up. (requested by AragiTimoshi)\n|inactive|AragiTimoshi has 60 seconds left.\n|\n|t:|1735734136\n|start\n|switch|p1a: Flare|Chandelure, L50, M|100/100\n|switch|p1b: Bellum|Electrode-Hisui, L50|100/100\n|switch|p2a: Incineroar|Incineroar, L50, F|100/100\n|switch|p2b: Ursaluna|Ursaluna-Bloodmoon, L50, M|100/100\n|-ability|p2a: Incineroar|Intimidate|boost\n|-unboost|p1a: Flare|atk|1\n|-unboost|p1b: Bellum|atk|1\n|turn|1\n|inactive|2012zar has 30 seconds left.\n|\n|t:|1735734162\n|move|p2a: Incineroar|Fake Out|p1b: Bellum\n|-damage|p1b: Bellum|80/100\n|cant|p1b: Bellum|flinch\n|move|p2b: Ursaluna|Hyper Voice|p1a: Flare|[spread] p1a\n|-immune|p1b: Bellum|[from] ability: Soundproof\n|-damage|p1a: Flare|44/100\n|-damage|p2b: Ursaluna|91/100|[from] item: Life Orb\n|move|p1a: Flare|Trick Room|p1a: Flare\n|-fieldstart|move: Trick Room|[of] p1a: Flare\n|\n|upkeep\n|turn|2\n|\n|t:|1735734186\n|switch|p1b: Terrence|Ursaluna, L50, M|100/100\n|move|p1a: Flare|Heat Wave|p2b: Ursaluna|[spread] p2a,p2b\n|-resisted|p2a: Incineroar\n|-damage|p2a: Incineroar|82/100\n|-damage|p2b: Ursaluna|32/100\n|move|p2a: Incineroar|Knock Off|p1a: Flare\n|-supereffective|p1a: Flare\n|-damage|p1a: Flare|0 fnt\n|-enditem|p1a: Flare|Focus Sash|[from] move: Knock Off|[of] p2a: Incineroar\n|faint|p1a: Flare\n|move|p2b: Ursaluna|Blood Moon|p1b: Terrence\n|-damage|p1b: Terrence|14/100\n|-damage|p2b: Ursaluna|23/100|[from] item: Life Orb\n|\n|-status|p1b: Terrence|brn|[from] item: Flame Orb\n|upkeep\n|\n|t:|1735734204\n|switch|p1a: Mitsu|Kingambit, L50, M|100/100\n|turn|3\n|\n|t:|1735734219\n|move|p2b: Ursaluna|Protect|p2b: Ursaluna\n|-singleturn|p2b: Ursaluna|Protect\n|move|p1a: Mitsu|Sucker Punch||[still]\n|-fail|p1a: Mitsu\n|move|p1b: Terrence|Headlong Rush|p2a: Incineroar\n|-supereffective|p2a: Incineroar\n|-damage|p2a: Incineroar|0 fnt\n|-unboost|p1b: Terrence|def|1\n|-unboost|p1b: Terrence|spd|1\n|faint|p2a: Incineroar\n|\n|-damage|p1b: Terrence|8/100 brn|[from] brn\n|upkeep\n|\n|t:|1735734234\n|switch|p2a: Indeedee|Indeedee, L50, M|100/100\n|-fieldstart|move: Psychic Terrain|[from] ability: Psychic Surge|[of] p2a: Indeedee\n|turn|4\n|\n|t:|1735734243\n|move|p2b: Ursaluna|Protect|p2b: Ursaluna\n|-singleturn|p2b: Ursaluna|Protect\n|move|p2a: Indeedee|Protect|p2a: Indeedee\n|-singleturn|p2a: Indeedee|Protect\n|move|p1b: Terrence|Rock Slide|p2a: Indeedee|[spread] \n|-activate|p2a: Indeedee|move: Protect\n|-activate|p2b: Ursaluna|move: Protect\n|move|p1a: Mitsu|Kowtow Cleave|p2a: Indeedee\n|-activate|p2a: Indeedee|move: Protect\n|\n|-damage|p1b: Terrence|2/100 brn|[from] brn\n|upkeep\n|turn|5\n|\n|t:|1735734266\n|-terastallize|p2a: Indeedee|Psychic\n|move|p1b: Terrence|Rock Slide|p2a: Indeedee|[spread] p2a,p2b\n|-resisted|p2b: Ursaluna\n|-damage|p2a: Indeedee|25/100\n|-damage|p2b: Ursaluna|9/100\n|move|p1a: Mitsu|Kowtow Cleave|p2a: Indeedee\n|-supereffective|p2a: Indeedee\n|-damage|p2a: Indeedee|0 fnt\n|faint|p2a: Indeedee\n|move|p2b: Ursaluna|Hyper Voice|p1b: Terrence|[spread] p1a,p1b\n|-resisted|p1a: Mitsu\n|-damage|p1a: Mitsu|75/100\n|-damage|p1b: Terrence|0 fnt\n|faint|p1b: Terrence\n|-damage|p2b: Ursaluna|0 fnt|[from] item: Life Orb\n|faint|p2b: Ursaluna\n|\n|-fieldend|move: Trick Room\n|upkeep\n|\n|t:|1735734279\n|switch|p2b: Sneasler|Sneasler, L50, M|100/100\n|switch|p1b: Bellum|Electrode-Hisui, L50|80/100\n|-enditem|p2b: Sneasler|Psychic Seed\n|-boost|p2b: Sneasler|spd|1|[from] item: Psychic Seed\n|turn|6\n|\n|t:|1735734304\n|-terastallize|p1b: Bellum|Electric\n|move|p2b: Sneasler|Protect|p2b: Sneasler\n|-singleturn|p2b: Sneasler|Protect\n|move|p1a: Mitsu|Protect|p1a: Mitsu\n|-singleturn|p1a: Mitsu|Protect\n|move|p1b: Bellum|Volt Switch|p2b: Sneasler\n|-activate|p2b: Sneasler|move: Protect\n|\n|upkeep\n|turn|7\n|\n|t:|1735734322\n|move|p2b: Sneasler|Close Combat|p1a: Mitsu\n|-supereffective|p1a: Mitsu\n|-damage|p1a: Mitsu|0 fnt\n|-unboost|p2b: Sneasler|def|1\n|-unboost|p2b: Sneasler|spd|1\n|faint|p1a: Mitsu\n|move|p1b: Bellum|Volt Switch|p2b: Sneasler\n|-damage|p2b: Sneasler|37/100\n|-damage|p1b: Bellum|71/100|[from] item: Life Orb\n|\n|upkeep\n|turn|8\n|\n|t:|1735734329\n|move|p2b: Sneasler|Dire Claw|p1b: Bellum\n|-damage|p1b: Bellum|0 fnt\n|faint|p1b: Bellum\n|\n|win|2012zar\n|raw|AragiTimoshi's rating: 1403 &rarr; <strong>1383</strong><br />(-20 for losing)\n|raw|2012zar's rating: 1400 &rarr; <strong>1420</strong><br />(+20 for winning)\n|l|\u2606AragiTimoshi\n|player|p1|\n|l|\u26062012zar\n|player|p2|\n",
  "uploadtime": 1735734616,
  "views": 31,
  "formatid": "gen9vgc2024regh",
  "rating": 1383,
  "private": 0,
  "password": null
}