{
  "id": "gen9vgc2024regh-2273217838",
  "format": "[Gen 9] VGC 2024 Reg H",
  "players": [
    "Bao Bun",
    "sisi4"
  ],
  "log": "|j|\u2606Bao Bun\n|j|\u2606sisi4\n|t:|1735751535\n|gametype|doubles\n|player|p1|Bao Bun|nate-pokestar3|1219\n|player|p2|sisi4|dawn|1323\n|teamsize|p1|6\n|teamsize|p2|6\n|gen|9\n|tier|[Gen 9] VGC 2024 Reg H\n|rated|\n|rule|Species Clause: Limit one of each Pok\u00e9mon\n|rule|Item Clause: Limit 1 of each item\n|clearpoke\n|poke|p1|Tyranitar, L50, F|\n|poke|p1|Excadrill, L50, M|\n|poke|p1|Farigiraf, L50, M|\n|poke|p1|Volcarona, L50, F|\n|poke|p1|Quaquaval, L50, M|\n|poke|p1|Sinistcha-Masterpiece, L50|\n|poke|p2|Primarina, L50, F|\n|poke|p2|Maushold, L50|\n|poke|p2|Indeedee-F, L50, F|\n|poke|p2|Armarouge, L50, F|\n|poke|p2|Gallade, L50, M|\n|poke|p2|Hatterene, L50, F|\n|teampreview|4\n|c|\u2606Bao Bun|hi\n|c|\u2606Bao Bun|gl\nBao Bun rejected open team sheets.\n|\n|t:|1735751559\n|start\n|switch|p1a: Extra-Drill|Excadrill, L50, M|100/100\n|switch|p1b: Pal-Indrome|Farigiraf, L50, M|100/100\n|switch|p2a: Indeedee|Indeedee-F, L50, F|100/100\n|switch|p2b: Gallade|Gallade, L50, M|100/100\n|-fieldstart|move: Psychic Terrain|[from] ability: Psychic Surge|[of] p2a: Indeedee\n|turn|1\n|\n|t:|1735751577\n|-terastallize|p1b: Pal-Indrome|Normal\n|move|p1a: Extra-Drill|Protect|p1a: Extra-Drill\n|-singleturn|p1a: Extra-Drill|Protect\n|move|p2b: Gallade|Sacred Sword|p1a: Extra-Drill\n|-activate|p1a: Extra-Drill|move: Protect\n|move|p1b: Pal-Indrome|Hyper Voice|p2a: Indeedee|[spread] p2a,p2b\n|-enditem|p1b: Pal-Indrome|Normal Gem|[from] gem\n|-damage|p2a: Indeedee|46/100\n|-damage|p2b: Gallade|40/100\n|move|p2a: Indeedee|Trick Room|p2a: Indeedee\n|-fieldstart|move: Trick Room|[of] p2a: Indeedee\n|\n|upkeep\n|turn|2\n|\n|t:|1735751605\n|switch|p2a: Primarina|Primarina, L50, F|100/100\n|move|p2b: Gallade|Wide Guard|p2b: Gallade\n|-singleturn|p2b: Gallade|Wide Guard\n|move|p1b: Pal-Indrome|Ally Switch|p1b: Pal-Indrome\n|swap|p1b: Pal-Indrome|0|[from] move: Ally Switch\n|move|p1b: Extra-Drill|Earthquake|p2b: Gallade|[spread] p1a\n|-activate|p2a: Primarina|move: Wide Guard\n|-activate|p2b: Gallade|move: Wide Guard\n|-damage|p1a: Pal-Indrome|44/100\n|-damage|p1b: Extra-Drill|91/100|[from] item: Life Orb\n|\n|upkeep\n|turn|3\n|\n|t:|1735751622\n|switch|p1b: Super-Matcha-Man|Sinistcha-Masterpiece, L50|100/100\n|-heal|p1a: Pal-Indrome|69/100|[from] ability: Hospitality|[of] p1b: Super-Matcha-Man\n|move|p1a: Pal-Indrome|Psychic|p2b: Gallade\n|-crit|p2b: Gallade\n|-damage|p2b: Gallade|0 fnt\n|faint|p2b: Gallade\n|move|p2a: Primarina|Hyper Voice|p1a: Pal-Indrome|[spread] p1a,p1b\n|-resisted|p1b: Super-Matcha-Man\n|-damage|p1a: Pal-Indrome|33/100\n|-damage|p1b: Super-Matcha-Man|80/100\n|-enditem|p2a: Primarina|Throat Spray\n|-boost|p2a: Primarina|spa|1|[from] item: Throat Spray\n|\n|-heal|p1b: Super-Matcha-Man|86/100|[from] item: Leftovers\n|upkeep\n|\n|t:|1735751635\n|switch|p2b: Hatterene|Hatterene, L50, F|100/100\n|turn|4\n|\n|t:|1735751644\n|move|p2b: Hatterene|Expanding Force|p1b: Super-Matcha-Man|[spread] p1a,p1b\n|-damage|p1a: Pal-Indrome|0 fnt\n|-damage|p1b: Super-Matcha-Man|0 fnt\n|faint|p1a: Pal-Indrome\n|faint|p1b: Super-Matcha-Man\n|-damage|p2b: Hatterene|91/100|[from] item: Life Orb\n|move|p2a: Primarina|Moonblast|p1: Pal-Indrome|[notarget]\n|-fail|p2a: Primarina\n|\n|upkeep\n|\n|t:|1735751647\n|switch|p1a: Beowulf|Tyranitar, L50, F|100/100\n|switch|p1b: Extra-Drill|Excadrill, L50, M|91/100\n|-weather|Sandstorm|[from] ability: Sand Stream|[of] p1a: Beowulf\n|-item|p1a: Beowulf|Air Balloon\n|turn|5\n|\n|t:|1735751662\n|move|p1a: Beowulf|Protect|p1a: Beowulf\n|-singleturn|p1a: Beowulf|Protect\n|move|p1b: Extra-Drill|Protect|p1b: Extra-Drill\n|-singleturn|p1b: Extra-Drill|Protect\n|move|p2b: Hatterene|Dazzling Gleam|p1a: Beowulf|[spread] \n|-activate|p1a: Beowulf|move: Protect\n|-activate|p1b: Extra-Drill|move: Protect\n|move|p2a: Primarina|Hyper Voice|p1a: Beowulf|[spread] \n|-activate|p1a: Beowulf|move: Protect\n|-activate|p1b: Extra-Drill|move: Protect\n|\n|-weather|Sandstorm|[upkeep]\n|-damage|p2b: Hatterene|85/100|[from] Sandstorm\n|-damage|p2a: Primarina|95/100|[from] Sandstorm\n|-fieldend|move: Trick Room\n|-fieldend|move: Psychic Terrain\n|upkeep\n|turn|6\n|\n|t:|1735751688\n|-terastallize|p2b: Hatterene|Steel\n|move|p2a: Primarina|Protect|p2a: Primarina\n|-singleturn|p2a: Primarina|Protect\n|move|p1b: Extra-Drill|Rock Slide|p2b: Hatterene|[spread] p2b\n|-activate|p2a: Primarina|move: Protect\n|-resisted|p2b: Hatterene\n|-damage|p2b: Hatterene|69/100\n|-damage|p1b: Extra-Drill|81/100|[from] item: Life Orb\n|move|p1a: Beowulf|Stone Edge|p2b: Hatterene|[miss]\n|-miss|p1a: Beowulf|p2b: Hatterene\n|move|p2b: Hatterene|Trick Room|p2b: Hatterene\n|-fieldstart|move: Trick Room|[of] p2b: Hatterene\n|\n|-weather|Sandstorm|[upkeep]\n|-damage|p2a: Primarina|89/100|[from] Sandstorm\n|upkeep\n|turn|7\n|\n|t:|1735751709\n|move|p2b: Hatterene|Dazzling Gleam|p1b: Extra-Drill|[spread] p1a,p1b\n|-supereffective|p1a: Beowulf\n|-resisted|p1b: Extra-Drill\n|-damage|p1a: Beowulf|47/100\n|-damage|p1b: Extra-Drill|48/100\n|-enditem|p1a: Beowulf|Air Balloon\n|-damage|p2b: Hatterene|59/100|[from] item: Life Orb\n|move|p1a: Beowulf|Crunch|p2b: Hatterene\n|-damage|p2b: Hatterene|2/100\n|move|p2a: Primarina|Hyper Voice|p1b: Extra-Drill|[spread] p1a,p1b\n|-supereffective|p1a: Beowulf\n|-supereffective|p1b: Extra-Drill\n|-damage|p1a: Beowulf|0 fnt\n|-damage|p1b: Extra-Drill|0 fnt\n|faint|p1a: Beowulf\n|faint|p1b: Extra-Drill\n|\n|win|sisi4\n|raw|Bao Bun's rating: 1219 &rarr; <strong>1201</strong><br />(-18 for losing)\n|raw|sisi4's rating: 1323 &rarr; <strong>1337</strong><br />(+14 for winning)\n|l|\u2606Bao Bun\n|player|p1|\n",
  "uploadtime": 1735751733,
  "views": 350,
  "formatid": "gen9vgc2024regh",
  "rating": 1201,
  "private": 0,
  "password": null
}