{
  "id": "gen9vgc2024regh-2273194228",
  "format": "[Gen 9] VGC 2024 Reg H",
  "players": [
    "freya_3292",
    "DanLexLD"
  ],
  "log": "|j|\u2606freya_3292\n|j|\u2606DanLexLD\n|t:|1735748160\n|gametype|doubles\n|player|p1|freya_3292|cynthia-gen4|1342\n|player|p2|DanLexLD|101|1327\n|teamsize|p1|6\n|teamsize|p2|6\n|gen|9\n|tier|[Gen 9] VGC 2024 Reg H\n|rated|\n|rule|Species Clause: Limit one of each Pok\u00e9mon\n|rule|Item Clause: Limit 1 of each item\n|clearpoke\n|poke|p1|Honchkrow, L50, F|\n|poke|p1|Rillaboom, L50, M|\n|poke|p1|Dragapult, L50, M|\n|poke|p1|Magmar, L50, F|\n|poke|p1|Primarina, L50, M|\n|poke|p1|Gholdengo, L50|\n|poke|p2|Torkoal, L50, M|\n|poke|p2|Jumpluff, L50, F|\n|poke|p2|Charizard, L50, M|\n|poke|p2|Lilligant-Hisui, L50, F|\n|poke|p2|Dragonite, L50, M|\n|poke|p2|Gallade, L50, M|\n|teampreview|4\n|inactive|Battle timer is ON: inactive players will automatically lose when time's up. (requested by freya_3292)\n|inactive|freya_3292 has 60 seconds left.\n|\n|t:|1735748191\n|start\n|switch|p1a: Honchkrongo|Honchkrow, L50, F, shiny|100/100\n|switch|p1b: Dragapult|Dragapult, L50, M|100/100\n|switch|p2a: Torkoal|Torkoal, L50, M|100/100\n|switch|p2b: Charizard|Charizard, L50, M|100/100\n|-weather|SunnyDay|[from] ability: Drought|[of] p2a: Torkoal\n|turn|1\n|\n|t:|1735748208\n|move|p2a: Torkoal|Helping Hand|p2b: Charizard\n|-singleturn|p2b: Charizard|Helping Hand|[of] p2a: Torkoal\n|move|p1b: Dragapult|Dragon Darts|p2b: Charizard\n|-damage|p2b: Charizard|38/100\n|-anim|p1b: Dragapult|Dragon Darts|p2a: Torkoal\n|-damage|p2a: Torkoal|68/100\n|move|p2b: Charizard|Heat Wave|p1a: Honchkrongo|[spread] p1a,p1b\n|-resisted|p1b: Dragapult\n|-enditem|p1a: Honchkrongo|Focus Sash\n|-damage|p1a: Honchkrongo|1/100\n|-damage|p1b: Dragapult|0 fnt\n|faint|p1b: Dragapult\n|move|p1a: Honchkrongo|Tailwind|p1a: Honchkrongo\n|-sidestart|p1: freya_3292|move: Tailwind\n|\n|-weather|SunnyDay|[upkeep]\n|-damage|p2b: Charizard|25/100|[from] ability: Solar Power|[of] p2b: Charizard\n|upkeep\n|\n|t:|1735748222\n|switch|p1b: Gholdengo|Gholdengo, L50|100/100\n|turn|2\n|\n|t:|1735748234\n|move|p1a: Honchkrongo|Sucker Punch|p2b: Charizard\n|-damage|p2b: Charizard|0 fnt\n|faint|p2b: Charizard\n|-ability|p1a: Honchkrongo|Moxie|boost\n|-boost|p1a: Honchkrongo|atk|1\n|move|p1b: Gholdengo|Power Gem|p2a: Torkoal\n|-supereffective|p2a: Torkoal\n|-damage|p2a: Torkoal|0 fnt\n|faint|p2a: Torkoal\n|\n|-weather|SunnyDay|[upkeep]\n|upkeep\n|\n|t:|1735748242\n|switch|p2b: Jumpluff|Jumpluff, L50, F|100/100\n|switch|p2a: Lilligant|Lilligant-Hisui, L50, F|100/100\n|turn|3\n|\n|t:|1735748257\n|switch|p1b: Primarina|Primarina, L50, M|100/100\n|move|p2b: Jumpluff|Sleep Powder|p1a: Honchkrongo\n|-status|p1a: Honchkrongo|slp|[from] move: Sleep Powder\n|move|p2a: Lilligant|Solar Blade||[still]\n|-prepare|p2a: Lilligant|Solar Blade\n|-anim|p2a: Lilligant|Solar Blade|p1b: Primarina\n|-supereffective|p1b: Primarina\n|-damage|p1b: Primarina|0 fnt\n|faint|p1b: Primarina\n|cant|p1a: Honchkrongo|slp\n|\n|-weather|SunnyDay|[upkeep]\n|upkeep\n|\n|t:|1735748268\n|switch|p1b: Gholdengo|Gholdengo, L50|100/100\n|turn|4\n|\n|t:|1735748280\n|move|p2b: Jumpluff|Rage Powder|p2b: Jumpluff\n|-singleturn|p2b: Jumpluff|move: Rage Powder\n|move|p1b: Gholdengo|Make It Rain|p2b: Jumpluff|[spread] p2a,p2b\n|-damage|p2a: Lilligant|21/100\n|-damage|p2b: Jumpluff|46/100\n|-unboost|p1b: Gholdengo|spa|1\n|move|p2a: Lilligant|Solar Blade||[still]\n|-prepare|p2a: Lilligant|Solar Blade\n|-anim|p2a: Lilligant|Solar Blade|p1b: Gholdengo\n|-resisted|p1b: Gholdengo\n|-damage|p1b: Gholdengo|63/100\n|cant|p1a: Honchkrongo|slp\n|\n|-weather|SunnyDay|[upkeep]\n|-sideend|p1: freya_3292|move: Tailwind\n|upkeep\n|turn|5\n|\n|t:|1735748304\n|-terastallize|p2a: Lilligant|Stellar\n|move|p2b: Jumpluff|Rage Powder|p2b: Jumpluff\n|-singleturn|p2b: Jumpluff|move: Rage Powder\n|-curestatus|p1a: Honchkrongo|slp|[msg]\n|move|p1a: Honchkrongo|Sucker Punch||[still]\n|-fail|p1a: Honchkrongo\n|move|p2a: Lilligant|Solar Blade||[still]\n|-prepare|p2a: Lilligant|Solar Blade\n|-anim|p2a: Lilligant|Solar Blade|p1b: Gholdengo\n|-resisted|p1b: Gholdengo\n|-damage|p1b: Gholdengo|12/100\n|move|p1b: Gholdengo|Make It Rain|p2a: Lilligant|[spread] p2a,p2b\n|-damage|p2a: Lilligant|0 fnt\n|-damage|p2b: Jumpluff|14/100\n|-unboost|p1b: Gholdengo|spa|1\n|faint|p2a: Lilligant\n|\n|-weather|none\n|upkeep\n|turn|6\n|\n|t:|1735748322\n|move|p1b: Gholdengo|Make It Rain|p2b: Jumpluff\n|-damage|p2b: Jumpluff|0 fnt\n|-unboost|p1b: Gholdengo|spa|1\n|faint|p2b: Jumpluff\n|\n|win|freya_3292\n|raw|freya_3292's rating: 1342 &rarr; <strong>1361</strong><br />(+19 for winning)\n|raw|DanLexLD's rating: 1327 &rarr; <strong>1308</strong><br />(-19 for losing)\n|l|\u2606freya_3292\n|player|p1|\n|l|\u2606DanLexLD\n|player|p2|\n",
  "uploadtime": 1735748612,
  "views": 137,
  "formatid": "gen9vgc2024regh",
  "rating": 1308,
  "private": 0,
  "password": null
}