{
  "id": "gen9vgc2024regh-2273195539",
  "format": "[Gen 9] VGC 2024 Reg H",
  "players": [
    "Splebel",
    "Aga65"
  ],
  "log": "|j|\u2606Splebel\n|j|\u2606Aga65\n|t:|1735748362\n|gametype|doubles\n|player|p1|Splebel|hexmaniac-gen3jp|1203\n|player|p2|Aga65|1|1135\n|teamsize|p1|6\n|teamsize|p2|6\n|gen|9\n|tier|[Gen 9] VGC 2024 Reg H\n|rated|\n|rule|Species Clause: Limit one of each Pok\u00e9mon\n|rule|Item Clause: Limit 1 of each item\n|clearpoke\n|poke|p1|Pawmot, L50, F|\n|poke|p1|Golem-Alola, L50, F|\n|poke|p1|Electrode-Hisui, L50|\n|poke|p1|Electivire, L50, F|\n|poke|p1|Pincurchin, L50, F|\n|poke|p1|Lanturn, L50, M|\n|poke|p2|Arcanine-Hisui, L50, F|\n|poke|p2|Indeedee-F, L50, F|\n|poke|p2|Sneasler, L50, M|\n|poke|p2|Garchomp, L50, F|\n|poke|p2|Armarouge, L50, F|\n|poke|p2|Kingambit, L50, M|\n|teampreview|4\n|inactive|Battle timer is ON: inactive players will automatically lose when time's up. (requested by Aga65)\n|\n|t:|1735748399\n|start\n|switch|p1a: Golem|Golem-Alola, L50, F|100/100\n|switch|p1b: Electivire|Electivire, L50, F|100/100\n|switch|p2a: Garchomp|Garchomp, L50, F|100/100\n|switch|p2b: Armarouge|Armarouge, L50, F|100/100\n|-item|p1a: Golem|Air Balloon\n|turn|1\n|\n|t:|1735748418\n|move|p2b: Armarouge|Endure|p2b: Armarouge\n|-singleturn|p2b: Armarouge|move: Endure\n|move|p1a: Golem|Wide Guard|p1a: Golem\n|-singleturn|p1a: Golem|Wide Guard\n|move|p2a: Garchomp|Earthquake|p1a: Golem|[spread] p2b\n|-activate|p1a: Golem|move: Wide Guard\n|-activate|p1b: Electivire|move: Wide Guard\n|-supereffective|p2b: Armarouge\n|-damage|p2b: Armarouge|10/100\n|-ability|p2b: Armarouge|Weak Armor|boost\n|-unboost|p2b: Armarouge|def|1\n|-boost|p2b: Armarouge|spe|2\n|-enditem|p2b: Armarouge|Weakness Policy\n|-boost|p2b: Armarouge|atk|2|[from] item: Weakness Policy\n|-boost|p2b: Armarouge|spa|2|[from] item: Weakness Policy\n|move|p1b: Electivire|Ice Punch|p2a: Garchomp\n|-supereffective|p2a: Garchomp\n|-damage|p2a: Garchomp|0 fnt\n|-damage|p1b: Electivire|88/100|[from] ability: Rough Skin|[of] p2a: Garchomp\n|faint|p2a: Garchomp\n|-damage|p1b: Electivire|78/100|[from] item: Life Orb\n|\n|upkeep\n|\n|t:|1735748428\n|switch|p2a: Indeedee|Indeedee-F, L50, F|100/100\n|-fieldstart|move: Psychic Terrain|[from] ability: Psychic Surge|[of] p2a: Indeedee\n|turn|2\n|\n|t:|1735748446\n|move|p1a: Golem|Wide Guard|p1a: Golem\n|-singleturn|p1a: Golem|Wide Guard\n|move|p2b: Armarouge|Expanding Force|p1a: Golem|[spread] \n|-activate|p1a: Golem|move: Wide Guard\n|-activate|p1b: Electivire|move: Wide Guard\n|move|p1b: Electivire|Knock Off|p2b: Armarouge\n|-supereffective|p2b: Armarouge\n|-damage|p2b: Armarouge|0 fnt\n|faint|p2b: Armarouge\n|-damage|p1b: Electivire|68/100|[from] item: Life Orb\n|move|p2a: Indeedee|Imprison|p2a: Indeedee\n|-start|p2a: Indeedee|move: Imprison\n|\n|upkeep\n|\n|t:|1735748449\n|switch|p2b: Sneasler|Sneasler, L50, M|100/100\n|-enditem|p2b: Sneasler|Psychic Seed\n|-boost|p2b: Sneasler|spd|1|[from] item: Psychic Seed\n|turn|3\n|inactive|Splebel has 30 seconds left.\n|inactive|Splebel has 20 seconds left.\n|\n|t:|1735748489\n|switch|p1b: Pincurchin|Pincurchin, L50, F|100/100\n|-fieldstart|move: Electric Terrain|[from] ability: Electric Surge|[of] p1b: Pincurchin\n|move|p2a: Indeedee|Follow Me|p2a: Indeedee\n|-singleturn|p2a: Indeedee|move: Follow Me\n|move|p2b: Sneasler|Close Combat|p1a: Golem\n|-supereffective|p1a: Golem\n|-damage|p1a: Golem|0 fnt\n|-unboost|p2b: Sneasler|def|1\n|-unboost|p2b: Sneasler|spd|1\n|-enditem|p1a: Golem|Air Balloon\n|faint|p1a: Golem\n|\n|upkeep\n|\n|t:|1735748506\n|switch|p1a: Electivire|Electivire, L50, F|68/100\n|turn|4\n|\n|t:|1735748526\n|move|p2a: Indeedee|Follow Me|p2a: Indeedee\n|-singleturn|p2a: Indeedee|move: Follow Me\n|move|p1b: Pincurchin|Sucker Punch||[still]\n|-fail|p1b: Pincurchin\n|move|p2b: Sneasler|Swords Dance|p2b: Sneasler\n|-boost|p2b: Sneasler|atk|2\n|move|p1a: Electivire|Knock Off|p2a: Indeedee\n|-supereffective|p2a: Indeedee\n|-damage|p2a: Indeedee|0 fnt\n|-enditem|p2a: Indeedee|Terrain Extender|[from] move: Knock Off|[of] p1a: Electivire\n|faint|p2a: Indeedee\n|-damage|p1a: Electivire|58/100|[from] item: Life Orb\n|\n|upkeep\n|turn|5\n|inactive|Splebel has 30 seconds left.\n|\n|t:|1735748552\n|-terastallize|p1b: Pincurchin|Ghost\n|move|p1a: Electivire|Follow Me|p1a: Electivire\n|-singleturn|p1a: Electivire|move: Follow Me\n|move|p2b: Sneasler|Dire Claw|p1a: Electivire\n|-damage|p1a: Electivire|0 fnt\n|faint|p1a: Electivire\n|move|p1b: Pincurchin|Curse|p2b: Sneasler\n|-start|p2b: Sneasler|Curse|[of] p1b: Pincurchin\n|-damage|p1b: Pincurchin|51/100\n|\n|-damage|p2b: Sneasler|75/100|[from] Curse\n|upkeep\n|\n|t:|1735748562\n|switch|p1a: Lanturn|Lanturn, L50, M|100/100\n|turn|6\n|\n|t:|1735748569\n|move|p1b: Pincurchin|Sucker Punch|p2b: Sneasler\n|-resisted|p2b: Sneasler\n|-damage|p2b: Sneasler|60/100\n|move|p2b: Sneasler|Dire Claw|p1a: Lanturn\n|-damage|p1a: Lanturn|0 fnt\n|faint|p1a: Lanturn\n|\n|-damage|p2b: Sneasler|35/100|[from] Curse\n|upkeep\n|turn|7\n|\n|t:|1735748579\n|move|p1b: Pincurchin|Sucker Punch|p2b: Sneasler\n|-resisted|p2b: Sneasler\n|-damage|p2b: Sneasler|20/100\n|move|p2b: Sneasler|Dire Claw|p1b: Pincurchin\n|-resisted|p1b: Pincurchin\n|-damage|p1b: Pincurchin|14/100\n|\n|-damage|p2b: Sneasler|0 fnt|[from] Curse\n|faint|p2b: Sneasler\n|\n|win|Splebel\n|upkeep\n|raw|Splebel's rating: 1203 &rarr; <strong>1223</strong><br />(+20 for winning)\n|raw|Aga65's rating: 1135 &rarr; <strong>1115</strong><br />(-20 for losing)\n|l|\u2606Splebel\n|player|p1|\n|l|\u2606Aga65\n|player|p2|\n",
  "uploadtime": 1735748889,
  "views": 128,
  "formatid": "gen9vgc2024regh",
  "rating": 1115,
  "private": 0,
  "password": null
}