{
  "id": "gen9vgc2024regh-2273179620",
  "format": "[Gen 9] VGC 2024 Reg H",
  "players": [
    "Semiau",
    "HelgitheLean"
  ],
  "log": "|j|\u2606Semiau\n|j|\u2606HelgitheLean\n|t:|1735745908\n|gametype|doubles\n|player|p1|Semiau|101|1354\n|player|p2|HelgitheLean|brawly|1472\n|teamsize|p1|6\n|teamsize|p2|6\n|gen|9\n|tier|[Gen 9] VGC 2024 Reg H\n|rated|\n|rule|Species Clause: Limit one of each Pok\u00e9mon\n|rule|Item Clause: Limit 1 of each item\n|clearpoke\n|poke|p1|Arcanine-Hisui, L50, F|\n|poke|p1|Maushold-Four, L50|\n|poke|p1|Archaludon, L50, M|\n|poke|p1|Annihilape, L50, M|\n|poke|p1|Ninetales-Alola, L50, M|\n|poke|p1|Salamence, L50, M|\n|poke|p2|Ninetales-Alola, L50, F|\n|poke|p2|Archaludon, L50, M|\n|poke|p2|Pelipper, L50, M|\n|poke|p2|Baxcalibur, L50, M|\n|poke|p2|Rillaboom, L50, M|\n|poke|p2|Greninja-*, L50, M|\n|teampreview|4\n|\n|t:|1735745934\n|start\n|switch|p1a: Ninetales|Ninetales-Alola, L50, M|100/100\n|switch|p1b: Archaludon|Archaludon, L50, M|100/100\n|switch|p2a: Greninja|Greninja, L50, M|100/100\n|switch|p2b: Optimus Prime|Archaludon, L50, M|100/100\n|-weather|Snow|[from] ability: Snow Warning|[of] p1a: Ninetales\n|turn|1\n|inactive|Battle timer is ON: inactive players will automatically lose when time's up. (requested by Semiau)\n|\n|t:|1735745961\n|-terastallize|p1a: Ninetales|Water\n|move|p2a: Greninja|Water Shuriken|p2b: Optimus Prime\n|-start|p2a: Greninja|typechange|Water|[from] ability: Protean\n|-resisted|p2b: Optimus Prime\n|-damage|p2b: Optimus Prime|98/100\n|-ability|p2b: Optimus Prime|Stamina|boost\n|-boost|p2b: Optimus Prime|def|1\n|-resisted|p2b: Optimus Prime\n|-damage|p2b: Optimus Prime|95/100\n|-ability|p2b: Optimus Prime|Stamina|boost\n|-boost|p2b: Optimus Prime|def|1\n|-resisted|p2b: Optimus Prime\n|-damage|p2b: Optimus Prime|93/100\n|-ability|p2b: Optimus Prime|Stamina|boost\n|-boost|p2b: Optimus Prime|def|1\n|-resisted|p2b: Optimus Prime\n|-crit|p2b: Optimus Prime\n|-damage|p2b: Optimus Prime|89/100\n|-ability|p2b: Optimus Prime|Stamina|boost\n|-boost|p2b: Optimus Prime|def|1\n|-hitcount|p2b: Optimus Prime|4\n|move|p1a: Ninetales|Aurora Veil|p1a: Ninetales\n|-sidestart|p1: Semiau|move: Aurora Veil\n|move|p2b: Optimus Prime|Flash Cannon|p1a: Ninetales\n|-resisted|p1a: Ninetales\n|-damage|p1a: Ninetales|88/100\n|move|p1b: Archaludon|Flash Cannon|p2a: Greninja\n|-resisted|p2a: Greninja\n|-damage|p2a: Greninja|66/100\n|\n|-weather|Snow|[upkeep]\n|upkeep\n|turn|2\n|inactive|Semiau has 30 seconds left.\n|\n|t:|1735745987\n|switch|p2a: Butter|Pelipper, L50, M|100/100\n|-weather|RainDance|[from] ability: Drizzle|[of] p2a: Butter\n|move|p1a: Ninetales|Freeze-Dry|p2a: Butter\n|-supereffective|p2a: Butter\n|-enditem|p2a: Butter|Focus Sash\n|-damage|p2a: Butter|1/100\n|move|p2b: Optimus Prime|Electro Shot||[still]\n|-prepare|p2b: Optimus Prime|Electro Shot\n|-boost|p2b: Optimus Prime|spa|1\n|-anim|p2b: Optimus Prime|Electro Shot|p1a: Ninetales\n|-supereffective|p1a: Ninetales\n|-damage|p1a: Ninetales|16/100\n|move|p1b: Archaludon|Body Press|p2b: Optimus Prime\n|-supereffective|p2b: Optimus Prime\n|-damage|p2b: Optimus Prime|76/100\n|-ability|p2b: Optimus Prime|Stamina|boost\n|-boost|p2b: Optimus Prime|def|1\n|\n|-weather|RainDance|[upkeep]\n|upkeep\n|turn|3\n|\n|t:|1735746008\n|move|p1a: Ninetales|Moonblast|p2b: Optimus Prime\n|-damage|p2b: Optimus Prime|53/100\n|-unboost|p2b: Optimus Prime|spa|1\n|-ability|p2b: Optimus Prime|Stamina|boost\n|-boost|p2b: Optimus Prime|def|1\n|move|p2a: Butter|Tailwind|p2a: Butter\n|-sidestart|p2: HelgitheLean|move: Tailwind\n|move|p2b: Optimus Prime|Electro Shot||[still]\n|-prepare|p2b: Optimus Prime|Electro Shot\n|-boost|p2b: Optimus Prime|spa|1\n|-anim|p2b: Optimus Prime|Electro Shot|p1a: Ninetales\n|-supereffective|p1a: Ninetales\n|-damage|p1a: Ninetales|0 fnt\n|faint|p1a: Ninetales\n|move|p1b: Archaludon|Electro Shot||[still]\n|-prepare|p1b: Archaludon|Electro Shot\n|-boost|p1b: Archaludon|spa|1\n|-anim|p1b: Archaludon|Electro Shot|p2b: Optimus Prime\n|-resisted|p2b: Optimus Prime\n|-damage|p2b: Optimus Prime|32/100\n|\n|-weather|RainDance|[upkeep]\n|upkeep\n|\n|t:|1735746027\n|switch|p1a: Arcanine|Arcanine-Hisui, L50, F|100/100\n|-ability|p1a: Arcanine|Intimidate|boost\n|-unboost|p2a: Butter|atk|1\n|-unboost|p2b: Optimus Prime|atk|1\n|turn|4\n|\n|t:|1735746040\n|switch|p2a: Rillaboom|Rillaboom, L50, M|100/100\n|-fieldstart|move: Grassy Terrain|[from] ability: Grassy Surge|[of] p2a: Rillaboom\n|move|p1a: Arcanine|Extreme Speed|p2a: Rillaboom\n|-damage|p2a: Rillaboom|76/100\n|move|p2b: Optimus Prime|Electro Shot||[still]\n|-prepare|p2b: Optimus Prime|Electro Shot\n|-boost|p2b: Optimus Prime|spa|1\n|-anim|p2b: Optimus Prime|Electro Shot|p1a: Arcanine\n|-damage|p1a: Arcanine|63/100\n|move|p1b: Archaludon|Electro Shot||[still]\n|-prepare|p1b: Archaludon|Electro Shot\n|-boost|p1b: Archaludon|spa|1\n|-anim|p1b: Archaludon|Electro Shot|p2b: Optimus Prime\n|-resisted|p2b: Optimus Prime\n|-damage|p2b: Optimus Prime|2/100\n|\n|-weather|RainDance|[upkeep]\n|-heal|p2b: Optimus Prime|8/100|[from] Grassy Terrain\n|-heal|p2a: Rillaboom|82/100|[from] Grassy Terrain\n|-heal|p1a: Arcanine|69/100|[from] Grassy Terrain\n|upkeep\n|turn|5\n|\n|t:|1735746064\n|move|p2a: Rillaboom|Fake Out|p1b: Archaludon\n|-resisted|p1b: Archaludon\n|-damage|p1b: Archaludon|97/100\n|-ability|p1b: Archaludon|Stamina|boost\n|-boost|p1b: Archaludon|def|1\n|move|p1a: Arcanine|Extreme Speed|p2b: Optimus Prime\n|-resisted|p2b: Optimus Prime\n|-damage|p2b: Optimus Prime|6/100\n|move|p2b: Optimus Prime|Electro Shot||[still]\n|-prepare|p2b: Optimus Prime|Electro Shot\n|-boost|p2b: Optimus Prime|spa|1\n|-anim|p2b: Optimus Prime|Electro Shot|p1a: Arcanine\n|-damage|p1a: Arcanine|19/100\n|cant|p1b: Archaludon|flinch\n|\n|-weather|RainDance|[upkeep]\n|-heal|p2b: Optimus Prime|12/100|[from] Grassy Terrain\n|-heal|p2a: Rillaboom|88/100|[from] Grassy Terrain\n|-heal|p1a: Arcanine|25/100|[from] Grassy Terrain\n|-heal|p1b: Archaludon|100/100|[from] Grassy Terrain\n|-sideend|p1: Semiau|move: Aurora Veil\n|upkeep\n|turn|6\n|j| Analytics Director\n|inactive|HelgitheLean has 30 seconds left.\n|inactive|Semiau has 30 seconds left.\n|inactive|Semiau has 20 seconds left.\n|inactive|Semiau has 15 seconds left.\n|inactive|Semiau has 10 seconds left.\n|\n|t:|1735746115\n|move|p2a: Rillaboom|Grassy Glide|p1a: Arcanine\n|-damage|p1a: Arcanine|0 fnt\n|faint|p1a: Arcanine\n|move|p2b: Optimus Prime|Body Press|p1b: Archaludon\n|-supereffective|p1b: Archaludon\n|-damage|p1b: Archaludon|3/100\n|-ability|p1b: Archaludon|Stamina|boost\n|-boost|p1b: Archaludon|def|1\n|move|p1b: Archaludon|Body Press|p2b: Optimus Prime\n|-supereffective|p2b: Optimus Prime\n|-damage|p2b: Optimus Prime|0 fnt\n|faint|p2b: Optimus Prime\n|\n|-weather|none\n|-heal|p2a: Rillaboom|94/100|[from] Grassy Terrain\n|-heal|p1b: Archaludon|9/100|[from] Grassy Terrain\n|-sideend|p2: HelgitheLean|move: Tailwind\n|upkeep\n|\n|t:|1735746135\n|switch|p1a: Maushold|Maushold-Four, L50|100/100\n|switch|p2b: Butter|Pelipper, L50, M|1/100\n|-weather|RainDance|[from] ability: Drizzle|[of] p2b: Butter\n|turn|7\n|inactive|Semiau has 30 seconds left.\n|inactive|Semiau has 20 seconds left.\n|inactive|Semiau has 15 seconds left.\n|inactive|Semiau has 10 seconds left.\n|inactive|Semiau has 5 seconds left.\n|\n|t:|1735746190\n|move|p1a: Maushold|Follow Me|p1a: Maushold\n|-singleturn|p1a: Maushold|move: Follow Me\n|move|p2a: Rillaboom|Grassy Glide|p1a: Maushold\n|-damage|p1a: Maushold|47/100\n|move|p2b: Butter|Tailwind|p2b: Butter\n|-sidestart|p2: HelgitheLean|move: Tailwind\n|move|p1b: Archaludon|Body Press|p2b: Butter\n|-resisted|p2b: Butter\n|-damage|p2b: Butter|0 fnt\n|faint|p2b: Butter\n|\n|-weather|RainDance|[upkeep]\n|-heal|p2a: Rillaboom|99/100|[from] Grassy Terrain\n|-heal|p1a: Maushold|53/100|[from] Grassy Terrain\n|-heal|p1b: Archaludon|16/100|[from] Grassy Terrain\n|upkeep\n|l| Analytics Director\n|\n|t:|1735746210\n|switch|p2b: Greninja|Greninja, L50, M|66/100\n|turn|8\n|inactive|HelgitheLean has 30 seconds left.\n|\n|t:|1735746236\n|move|p1a: Maushold|Follow Me|p1a: Maushold\n|-singleturn|p1a: Maushold|move: Follow Me\n|move|p2a: Rillaboom|Grassy Glide|p1a: Maushold\n|-damage|p1a: Maushold|0 fnt\n|faint|p1a: Maushold\n|move|p2b: Greninja|Blizzard|p1b: Archaludon|[miss]\n|-start|p2b: Greninja|typechange|Ice|[from] ability: Protean\n|-miss|p2b: Greninja|p1b: Archaludon\n|move|p1b: Archaludon|Electro Shot||[still]\n|-prepare|p1b: Archaludon|Electro Shot\n|-boost|p1b: Archaludon|spa|1\n|-anim|p1b: Archaludon|Electro Shot|p2b: Greninja\n|-damage|p2b: Greninja|0 fnt\n|faint|p2b: Greninja\n|\n|-weather|RainDance|[upkeep]\n|-heal|p2a: Rillaboom|100/100|[from] Grassy Terrain\n|-heal|p1b: Archaludon|22/100|[from] Grassy Terrain\n|-fieldend|move: Grassy Terrain\n|upkeep\n|turn|9\n|\n|t:|1735746251\n|move|p2a: Rillaboom|Knock Off|p1b: Archaludon\n|-damage|p1b: Archaludon|8/100\n|-ability|p1b: Archaludon|Stamina|boost\n|-boost|p1b: Archaludon|def|1\n|-enditem|p1b: Archaludon|Power Herb|[from] move: Knock Off|[of] p2a: Rillaboom\n|move|p1b: Archaludon|Body Press|p2a: Rillaboom\n|-damage|p2a: Rillaboom|46/100\n|\n|-weather|RainDance|[upkeep]\n|upkeep\n|turn|10\n|\n|t:|1735746264\n|move|p2a: Rillaboom|Knock Off|p1b: Archaludon\n|-damage|p1b: Archaludon|1/100\n|-ability|p1b: Archaludon|Stamina|boost\n|-boost|p1b: Archaludon|def|1\n|move|p1b: Archaludon|Flash Cannon|p2a: Rillaboom\n|-damage|p2a: Rillaboom|0 fnt\n|faint|p2a: Rillaboom\n|\n|win|Semiau\n|raw|Semiau's rating: 1354 &rarr; <strong>1381</strong><br />(+27 for winning)\n|raw|HelgitheLean's rating: 1472 &rarr; <strong>1445</strong><br />(-27 for losing)\n|l|\u2606HelgitheLean\n|player|p2|\n|c|\u2606Semiau|Combaataso\n|l|\u2606Semiau\n|player|p1|\n",
  "uploadtime": 1735746674,
  "views": 150,
  "formatid": "gen9vgc2024regh",
  "rating": 1381,
  "private": 0,
  "password": null
}