{
  "id": "gen9vgc2024regh-2273144188",
  "format": "[Gen 9] VGC 2024 Reg H",
  "players": [
    "xxhidenxx",
    "TheStrongestBlade1"
  ],
  "log": "|j|\u2606xxhidenxx\n|j|\u2606TheStrongestBlade1\n|t:|1735739796\n|gametype|doubles\n|player|p1|xxhidenxx|169|1309\n|player|p2|TheStrongestBlade1|li|1309\n|teamsize|p1|6\n|teamsize|p2|6\n|gen|9\n|tier|[Gen 9] VGC 2024 Reg H\n|rated|\n|rule|Species Clause: Limit one of each Pok\u00e9mon\n|rule|Item Clause: Limit 1 of each item\n|clearpoke\n|poke|p1|Gastrodon, L50, M|\n|poke|p1|Rillaboom, L50, M|\n|poke|p1|Corviknight, L50, F|\n|poke|p1|Zoroark-Hisui, L50, M|\n|poke|p1|Chandelure, L50, F|\n|poke|p1|Kingambit, L50, F|\n|poke|p2|Dondozo, L50, M|\n|poke|p2|Tatsugiri, L50, F|\n|poke|p2|Grimmsnarl, L50, M|\n|poke|p2|Glimmora, L50, M|\n|poke|p2|Whimsicott, L50, M|\n|poke|p2|Rillaboom, L50, M|\n|teampreview|4\n|inactive|Battle timer is ON: inactive players will automatically lose when time's up. (requested by TheStrongestBlade1)\n|\n|t:|1735739828\n|start\n|switch|p1a: Chandelure|Chandelure, L50, F|100/100\n|switch|p1b: Rillaboom|Rillaboom, L50, M|100/100\n|switch|p2a: Grimmsnarl|Grimmsnarl, L50, M|100/100\n|switch|p2b: Glimmora|Glimmora, L50, M|100/100\n|-fieldstart|move: Grassy Terrain|[from] ability: Grassy Surge|[of] p1b: Rillaboom\n|turn|1\n|inactive|xxhidenxx has 30 seconds left.\n|inactive|xxhidenxx has 20 seconds left.\n|inactive|xxhidenxx has 15 seconds left.\n|inactive|xxhidenxx has 10 seconds left.\n|\n|t:|1735739874\n|move|p1b: Rillaboom|Fake Out|p2a: Grimmsnarl\n|-damage|p2a: Grimmsnarl|85/100\n|cant|p2a: Grimmsnarl|flinch\n|move|p1a: Chandelure|Taunt|p2a: Grimmsnarl\n|-start|p2a: Grimmsnarl|move: Taunt\n|move|p2b: Glimmora|Mortal Spin|p1b: Rillaboom|[spread] p1a,p1b\n|-resisted|p1a: Chandelure\n|-supereffective|p1b: Rillaboom\n|-damage|p1a: Chandelure|96/100\n|-damage|p1b: Rillaboom|91/100\n|-status|p1a: Chandelure|psn\n|-status|p1b: Rillaboom|psn\n|replace|p1a: Zoroark|Zoroark-Hisui, L50, M\n|-end|p1a: Zoroark|Illusion\n|\n|-heal|p1a: Zoroark|100/100 psn|[from] Grassy Terrain\n|-heal|p1b: Rillaboom|97/100 psn|[from] Grassy Terrain\n|-heal|p2a: Grimmsnarl|90/100|[from] Grassy Terrain\n|-damage|p1a: Zoroark|88/100 psn|[from] psn\n|-damage|p1b: Rillaboom|85/100 psn|[from] psn\n|upkeep\n|turn|2\n|j| shihouijg6\n|l| shihouijg6\n|inactive|xxhidenxx has 30 seconds left.\n|inactive|TheStrongestBlade1 has 30 seconds left.\n|\n|t:|1735739908\n|move|p1a: Zoroark|Shadow Ball|p2b: Glimmora\n|-crit|p2b: Glimmora\n|-damage|p2b: Glimmora|22/100\n|move|p2b: Glimmora|Venoshock|p1b: Rillaboom\n|-supereffective|p1b: Rillaboom\n|-damage|p1b: Rillaboom|0 fnt\n|faint|p1b: Rillaboom\n|-activate|p2a: Grimmsnarl|move: Struggle\n|move|p2a: Grimmsnarl|Struggle|p1a: Zoroark\n|-damage|p1a: Zoroark|60/100 psn\n|-damage|p2a: Grimmsnarl|65/100|[from] recoil\n|\n|-heal|p1a: Zoroark|66/100 psn|[from] Grassy Terrain\n|-heal|p2b: Glimmora|28/100|[from] Grassy Terrain\n|-heal|p2a: Grimmsnarl|71/100|[from] Grassy Terrain\n|-damage|p1a: Zoroark|54/100 psn|[from] psn\n|upkeep\n|\n|t:|1735739927\n|switch|p1b: Chandelure|Chandelure, L50, F|100/100\n|turn|3\n|\n|t:|1735739948\n|-terastallize|p1b: Chandelure|Grass\n|move|p2b: Glimmora|Spiky Shield|p2b: Glimmora\n|-singleturn|p2b: Glimmora|move: Protect\n|move|p1a: Zoroark|Shadow Ball|p2b: Glimmora\n|-activate|p2b: Glimmora|move: Protect\n|move|p1b: Chandelure|Energy Ball|p2a: Grimmsnarl\n|-damage|p2a: Grimmsnarl|0 fnt\n|faint|p2a: Grimmsnarl\n|\n|-heal|p1a: Zoroark|60/100 psn|[from] Grassy Terrain\n|-heal|p2b: Glimmora|33/100|[from] Grassy Terrain\n|-damage|p1a: Zoroark|48/100 psn|[from] psn\n|upkeep\n|\n|t:|1735739967\n|switch|p2a: Dondozo|Dondozo, L50, M|100/100\n|turn|4\n|\n|t:|1735739989\n|move|p2a: Dondozo|Protect|p2a: Dondozo\n|-singleturn|p2a: Dondozo|Protect\n|move|p1a: Zoroark|Shadow Ball|p2b: Glimmora\n|-damage|p2b: Glimmora|0 fnt\n|faint|p2b: Glimmora\n|move|p1b: Chandelure|Energy Ball|p2a: Dondozo\n|-activate|p2a: Dondozo|move: Protect\n|\n|-heal|p1a: Zoroark|54/100 psn|[from] Grassy Terrain\n|-damage|p1a: Zoroark|42/100 psn|[from] psn\n|upkeep\n|\n|t:|1735739994\n|switch|p2b: Tatsugiri|Tatsugiri, L50, F|100/100\n|-activate|p2b: Tatsugiri|ability: Commander|[of] p2a: Dondozo\n|-boost|p2a: Dondozo|atk|2\n|-boost|p2a: Dondozo|spa|2\n|-boost|p2a: Dondozo|spe|2\n|-boost|p2a: Dondozo|def|2\n|-boost|p2a: Dondozo|spd|2\n|turn|5\n|\n|t:|1735740013\n|move|p1a: Zoroark|Taunt|p2a: Dondozo\n|-start|p2a: Dondozo|move: Taunt\n|move|p2a: Dondozo|Order Up|p1a: Zoroark\n|-damage|p1a: Zoroark|0 fnt\n|faint|p1a: Zoroark\n|-boost|p2a: Dondozo|atk|1\n|move|p1b: Chandelure|Energy Ball|p2a: Dondozo\n|-supereffective|p2a: Dondozo\n|-damage|p2a: Dondozo|12/100\n|\n|-heal|p2a: Dondozo|18/100|[from] Grassy Terrain\n|-heal|p2a: Dondozo|24/100|[from] item: Leftovers\n|-fieldend|move: Grassy Terrain\n|upkeep\n|\n|t:|1735740028\n|switch|p1a: Gastrodon|Gastrodon, L50, M|100/100\n|turn|6\n|\n|t:|1735740036\n|-terastallize|p2a: Dondozo|Grass\n|move|p2a: Dondozo|Order Up|p1b: Chandelure\n|-damage|p1b: Chandelure|43/100\n|-boost|p2a: Dondozo|atk|1\n|move|p1b: Chandelure|Energy Ball|p2a: Dondozo\n|-resisted|p2a: Dondozo\n|-damage|p2a: Dondozo|7/100\n|-unboost|p2a: Dondozo|spd|1\n|move|p1a: Gastrodon|Clear Smog|p2a: Dondozo\n|-supereffective|p2a: Dondozo\n|-damage|p2a: Dondozo|0 fnt\n|-clearboost|p2a: Dondozo\n|faint|p2a: Dondozo\n|\n|upkeep\n|turn|7\n|-message|TheStrongestBlade1 forfeited.\n|\n|win|xxhidenxx\n|raw|xxhidenxx's rating: 1309 &rarr; <strong>1329</strong><br />(+20 for winning)\n|raw|TheStrongestBlade1's rating: 1309 &rarr; <strong>1289</strong><br />(-20 for losing)\n|l|\u2606TheStrongestBlade1\n|player|p2|\n|l|\u2606xxhidenxx\n|player|p1|\n",
  "uploadtime": 1735740443,
  "views": 29,
  "formatid": "gen9vgc2024regh",
  "rating": 1289,
  "private": 0,
  "password": null
}