{
  "id": "gen9vgc2024regh-2273165488",
  "format": "[Gen 9] VGC 2024 Reg H",
  "players": [
    "jklpoop",
    "Shadowknight16"
  ],
  "log": "|j|\u2606jklpoop\n|j|\u2606Shadowknight16\n|t:|1735743615\n|gametype|doubles\n|player|p1|jklpoop|2|1325\n|player|p2|Shadowknight16|102|1341\n|teamsize|p1|6\n|teamsize|p2|6\n|gen|9\n|tier|[Gen 9] VGC 2024 Reg H\n|rated|\n|rule|Species Clause: Limit one of each Pok\u00e9mon\n|rule|Item Clause: Limit 1 of each item\n|clearpoke\n|poke|p1|Ursaluna, L50, M|\n|poke|p1|Jumpluff, L50, M|\n|poke|p1|Charizard, L50, F|\n|poke|p1|Torkoal, L50, F|\n|poke|p1|Incineroar, L50, F|\n|poke|p1|Porygon2, L50|\n|poke|p2|Toxapex, L50, F|\n|poke|p2|Meowscarada, L50, M|\n|poke|p2|Archaludon, L50, M|\n|poke|p2|Goodra-Hisui, L50, M|\n|poke|p2|Bastiodon, L50, F|\n|poke|p2|Chansey, L50, F|\n|teampreview|4\n|inactive|Battle timer is ON: inactive players will automatically lose when time's up. (requested by Shadowknight16)\n|l|\u2606Shadowknight16\n|inactive|Shadowknight16 disconnected and has a minute to reconnect!\n|player|p2|\n|j|\u2606Shadowknight16\n|inactive|Shadowknight16 reconnected and has 80 seconds left.\n|player|p2|Shadowknight16|102|\n|\n|t:|1735743644\n|start\n|switch|p1a: Jumpluff|Jumpluff, L50, M|100/100\n|switch|p1b: Charizard|Charizard, L50, F|100/100\n|switch|p2a: Toxapex|Toxapex, L50, F|100/100\n|switch|p2b: Meowscarada|Meowscarada, L50, M|100/100\n|turn|1\n|inactive|jklpoop has 30 seconds left.\n|\n|t:|1735743672\n|switch|p1a: Torkoal|Torkoal, L50, F|100/100\n|-weather|SunnyDay|[from] ability: Drought|[of] p1a: Torkoal\n|move|p2b: Meowscarada|Toxic Spikes|p1b: Charizard\n|-start|p2b: Meowscarada|typechange|Poison|[from] ability: Protean\n|-sidestart|p1: jklpoop|move: Toxic Spikes\n|move|p1b: Charizard|Weather Ball|p2b: Meowscarada\n|-damage|p2b: Meowscarada|0 fnt\n|faint|p2b: Meowscarada\n|move|p2a: Toxapex|Toxic|p1b: Charizard\n|-status|p1b: Charizard|tox\n|\n|-weather|SunnyDay|[upkeep]\n|-damage|p1b: Charizard|88/100 tox|[from] ability: Solar Power|[of] p1b: Charizard\n|-damage|p1b: Charizard|82/100 tox|[from] psn\n|upkeep\n|\n|t:|1735743690\n|switch|p2b: Bastiodon|Bastiodon, L50, F|100/100\n|turn|2\n|\n|t:|1735743709\n|move|p1a: Torkoal|Helping Hand|p1b: Charizard\n|-singleturn|p1b: Charizard|Helping Hand|[of] p1a: Torkoal\n|move|p2b: Bastiodon|Protect|p2b: Bastiodon\n|-singleturn|p2b: Bastiodon|Protect\n|move|p1b: Charizard|Weather Ball|p2a: Toxapex\n|-resisted|p2a: Toxapex\n|-damage|p2a: Toxapex|9/100\n|move|p2a: Toxapex|Toxic|p1a: Torkoal\n|-status|p1a: Torkoal|tox\n|\n|-weather|SunnyDay|[upkeep]\n|-damage|p1b: Charizard|70/100 tox|[from] ability: Solar Power|[of] p1b: Charizard\n|-damage|p1b: Charizard|58/100 tox|[from] psn\n|-damage|p1a: Torkoal|94/100 tox|[from] psn\n|upkeep\n|turn|3\n|\n|t:|1735743732\n|move|p1b: Charizard|Weather Ball|p2b: Bastiodon\n|-damage|p2b: Bastiodon|9/100\n|move|p2a: Toxapex|Surf|p1b: Charizard|[spread] p2b,p1a,p1b\n|-supereffective|p2b: Bastiodon\n|-supereffective|p1a: Torkoal\n|-supereffective|p1b: Charizard\n|-damage|p2b: Bastiodon|2/100\n|-damage|p1a: Torkoal|77/100 tox\n|-damage|p1b: Charizard|41/100 tox\n|move|p2b: Bastiodon|Iron Defense|p2b: Bastiodon\n|-boost|p2b: Bastiodon|def|2\n|move|p1a: Torkoal|Overheat|p2a: Toxapex\n|-resisted|p2a: Toxapex\n|-damage|p2a: Toxapex|0 fnt\n|-unboost|p1a: Torkoal|spa|2\n|-enditem|p1a: Torkoal|Eject Pack\n|faint|p2a: Toxapex\n|\n|t:|1735743749\n|switch|p1a: Jumpluff|Jumpluff, L50, M|100/100\n|\n|-weather|SunnyDay|[upkeep]\n|-damage|p1b: Charizard|29/100 tox|[from] ability: Solar Power|[of] p1b: Charizard\n|-damage|p1b: Charizard|11/100 tox|[from] psn\n|upkeep\n|\n|t:|1735743756\n|switch|p2a: Archaludon|Archaludon, L50, M|100/100\n|turn|4\n|\n|t:|1735743768\n|move|p2b: Bastiodon|Protect|p2b: Bastiodon\n|-singleturn|p2b: Bastiodon|Protect\n|move|p1a: Jumpluff|Tailwind|p1a: Jumpluff\n|-sidestart|p1: jklpoop|move: Tailwind\n|move|p1b: Charizard|Weather Ball|p2a: Archaludon\n|-damage|p2a: Archaludon|0 fnt\n|faint|p2a: Archaludon\n|\n|-weather|SunnyDay|[upkeep]\n|-damage|p1b: Charizard|0 fnt|[from] ability: Solar Power|[of] p1b: Charizard\n|faint|p1b: Charizard\n|upkeep\n|\n|t:|1735743781\n|switch|p1b: Ursaluna|Ursaluna, L50, M|100/100\n|-status|p1b: Ursaluna|psn\n|turn|5\n|-message|Shadowknight16 forfeited.\n|\n|win|jklpoop\n|raw|jklpoop's rating: 1325 &rarr; <strong>1346</strong><br />(+21 for winning)\n|raw|Shadowknight16's rating: 1341 &rarr; <strong>1320</strong><br />(-21 for losing)\n|l|\u2606Shadowknight16\n|player|p2|\n|l|\u2606jklpoop\n|player|p1|\n",
  "uploadtime": 1735744182,
  "views": 123,
  "formatid": "gen9vgc2024regh",
  "rating": 1320,
  "private": 0,
  "password": null
}