{
  "id": "gen9vgc2024regh-2273212448",
  "format": "[Gen 9] VGC 2024 Reg H",
  "players": [
    "bogdyoda",
    "KingOfGreed64"
  ],
  "log": "|j|\u2606bogdyoda\n|j|\u2606KingOfGreed64\n|t:|1735750784\n|gametype|doubles\n|player|p1|bogdyoda|266|1282\n|player|p2|KingOfGreed64|guzma|1318\n|teamsize|p1|6\n|teamsize|p2|6\n|gen|9\n|tier|[Gen 9] VGC 2024 Reg H\n|rated|\n|rule|Species Clause: Limit one of each Pok\u00e9mon\n|rule|Item Clause: Limit 1 of each item\n|clearpoke\n|poke|p1|Blastoise, L50, M|\n|poke|p1|Indeedee-F, L50, F|\n|poke|p1|Archaludon, L50, M|\n|poke|p1|Gardevoir, L50, M|\n|poke|p1|Ursaluna-Bloodmoon, L50, M|\n|poke|p1|Grimmsnarl, L50, M|\n|poke|p2|Garganacl, L50, F|\n|poke|p2|Tyranitar, L50, M|\n|poke|p2|Incineroar, L50, M|\n|poke|p2|Rillaboom, L50, F|\n|poke|p2|Gholdengo, L50|\n|poke|p2|Grimmsnarl, L50, M|\n|teampreview|4\n|inactive|Battle timer is ON: inactive players will automatically lose when time's up. (requested by bogdyoda)\n|inactive|bogdyoda has 60 seconds left.\n|inactive|bogdyoda has 30 seconds left.\n|\n|t:|1735750848\n|start\n|switch|p1a: Blastoise|Blastoise, L50, M|100/100\n|switch|p1b: Indeedee|Indeedee-F, L50, F|100/100\n|switch|p2a: Lorccan|Grimmsnarl, L50, M, shiny|100/100\n|switch|p2b: monke|Rillaboom, L50, F|100/100\n|-fieldstart|move: Grassy Terrain|[from] ability: Grassy Surge|[of] p2b: monke\n|-fieldstart|move: Psychic Terrain|[from] ability: Psychic Surge|[of] p1b: Indeedee\n|-enditem|p1b: Indeedee|Psychic Seed\n|-boost|p1b: Indeedee|spd|1|[from] item: Psychic Seed\n|turn|1\n|\n|t:|1735750859\n|move|p1b: Indeedee|Follow Me|p1b: Indeedee\n|-singleturn|p1b: Indeedee|move: Follow Me\n|move|p2a: Lorccan|Light Screen|p2a: Lorccan\n|-sidestart|p2: KingOfGreed64|move: Light Screen\n|move|p1a: Blastoise|Shell Smash|p1a: Blastoise\n|-unboost|p1a: Blastoise|def|1\n|-unboost|p1a: Blastoise|spd|1\n|-boost|p1a: Blastoise|atk|2\n|-boost|p1a: Blastoise|spa|2\n|-boost|p1a: Blastoise|spe|2\n|-enditem|p1a: Blastoise|White Herb\n|-clearnegativeboost|p1a: Blastoise|[silent]\n|move|p2b: monke|Wood Hammer|p1b: Indeedee\n|-damage|p1b: Indeedee|24/100\n|-damage|p2b: monke|79/100|[from] Recoil\n|\n|upkeep\n|turn|2\n|\n|t:|1735750881\n|move|p1b: Indeedee|Helping Hand|p1a: Blastoise\n|-singleturn|p1a: Blastoise|Helping Hand|[of] p1b: Indeedee\n|move|p1a: Blastoise|Water Spout|p2b: monke|[spread] p2a,p2b\n|-resisted|p2b: monke\n|-damage|p2a: Lorccan|18/100\n|-damage|p2b: monke|26/100\n|move|p2b: monke|Wood Hammer|p1a: Blastoise\n|-supereffective|p1a: Blastoise\n|-crit|p1a: Blastoise\n|-damage|p1a: Blastoise|0 fnt\n|faint|p1a: Blastoise\n|-damage|p2b: monke|1/100|[from] Recoil\n|move|p2a: Lorccan|Spirit Break|p1b: Indeedee\n|-damage|p1b: Indeedee|0 fnt\n|faint|p1b: Indeedee\n|\n|upkeep\n|\n|t:|1735750888\n|switch|p1a: Gardevoir|Gardevoir, L50, M|100/100\n|switch|p1b: Ursaluna|Ursaluna-Bloodmoon, L50, M|100/100\n|turn|3\n|inactive|bogdyoda has 30 seconds left.\n|inactive|bogdyoda has 20 seconds left.\n|\n|t:|1735750926\n|switch|p2b: Ragnarok|Tyranitar, L50, M, shiny|100/100\n|-weather|Sandstorm|[from] ability: Sand Stream|[of] p2b: Ragnarok\n|move|p1a: Gardevoir|Moonblast|p2a: Lorccan\n|-supereffective|p2a: Lorccan\n|-crit|p2a: Lorccan\n|-damage|p2a: Lorccan|0 fnt\n|faint|p2a: Lorccan\n|move|p1b: Ursaluna|Hyper Voice|p2b: Ragnarok\n|-resisted|p2b: Ragnarok\n|-damage|p2b: Ragnarok|93/100\n|-enditem|p1b: Ursaluna|Throat Spray\n|-boost|p1b: Ursaluna|spa|1|[from] item: Throat Spray\n|\n|-weather|Sandstorm|[upkeep]\n|-damage|p1a: Gardevoir|94/100|[from] Sandstorm\n|upkeep\n|\n|t:|1735750936\n|switch|p2a: monke|Rillaboom, L50, F|1/100\n|-fieldstart|move: Grassy Terrain|[from] ability: Grassy Surge|[of] p2a: monke\n|turn|4\n|\n|t:|1735750957\n|move|p1b: Ursaluna|Protect|p1b: Ursaluna\n|-singleturn|p1b: Ursaluna|Protect\n|move|p2a: monke|Grassy Glide|p1b: Ursaluna\n|-activate|p1b: Ursaluna|move: Protect\n|move|p1a: Gardevoir|Moonblast|p2b: Ragnarok\n|-supereffective|p2b: Ragnarok\n|-damage|p2b: Ragnarok|50/100\n|move|p2b: Ragnarok|Rock Slide|p1b: Ursaluna|[spread] p1a\n|-activate|p1b: Ursaluna|move: Protect\n|-damage|p1a: Gardevoir|42/100\n|\n|-weather|Sandstorm|[upkeep]\n|-damage|p1a: Gardevoir|36/100|[from] Sandstorm\n|-damage|p2a: monke|0 fnt|[from] Sandstorm\n|faint|p2a: monke\n|-heal|p1a: Gardevoir|42/100|[from] Grassy Terrain\n|-heal|p2b: Ragnarok|56/100|[from] Grassy Terrain\n|upkeep\n|\n|t:|1735750970\n|switch|p2a: dune|Garganacl, L50, F, shiny|100/100\n|turn|5\n|\n|t:|1735750987\n|-terastallize|p1b: Ursaluna|Ground\n|-terastallize|p2a: dune|Ghost\n|move|p1a: Gardevoir|Moonblast|p2a: dune\n|-damage|p2a: dune|62/100\n|-unboost|p2a: dune|spa|1\n|move|p2b: Ragnarok|Rock Slide|p1a: Gardevoir|[spread] p1a,p1b\n|-resisted|p1b: Ursaluna\n|-damage|p1a: Gardevoir|0 fnt\n|-damage|p1b: Ursaluna|88/100\n|faint|p1a: Gardevoir\n|cant|p1b: Ursaluna|flinch\n|move|p2a: dune|Salt Cure|p1b: Ursaluna\n|-resisted|p1b: Ursaluna\n|-damage|p1b: Ursaluna|83/100\n|-start|p1b: Ursaluna|Salt Cure\n|\n|-weather|Sandstorm|[upkeep]\n|-damage|p2a: dune|57/100|[from] Sandstorm\n|-heal|p2b: Ragnarok|62/100|[from] Grassy Terrain\n|-heal|p1b: Ursaluna|89/100|[from] Grassy Terrain\n|-heal|p2a: dune|62/100|[from] Grassy Terrain\n|-heal|p2a: dune|68/100|[from] item: Leftovers\n|-damage|p1b: Ursaluna|77/100|[from] Salt Cure\n|upkeep\n|turn|6\n|\n|t:|1735751005\n|move|p2a: dune|Protect|p2a: dune\n|-singleturn|p2a: dune|Protect\n|move|p2b: Ragnarok|Ice Punch|p1b: Ursaluna\n|-supereffective|p1b: Ursaluna\n|-damage|p1b: Ursaluna|33/100\n|-status|p1b: Ursaluna|frz\n|cant|p1b: Ursaluna|frz\n|\n|-weather|Sandstorm|[upkeep]\n|-damage|p2a: dune|62/100|[from] Sandstorm\n|-heal|p2b: Ragnarok|69/100|[from] Grassy Terrain\n|-heal|p1b: Ursaluna|39/100 frz|[from] Grassy Terrain\n|-heal|p2a: dune|68/100|[from] Grassy Terrain\n|-heal|p2a: dune|74/100|[from] item: Leftovers\n|-damage|p1b: Ursaluna|27/100 frz|[from] Salt Cure\n|upkeep\n|turn|7\n|c|\u2606KingOfGreed64|sorry\n|l|\u2606bogdyoda\n|inactive|bogdyoda disconnected and has a minute to reconnect!\n|player|p1|\n|inactive|bogdyoda has 30 seconds left.\n|inactive|bogdyoda has 20 seconds left.\n|inactive|bogdyoda has 15 seconds left.\n|inactive|bogdyoda has 10 seconds left.\n|inactive|bogdyoda has 5 seconds left.\n|-message|bogdyoda lost due to inactivity.\n|\n|win|KingOfGreed64\n|raw|bogdyoda's rating: 1282 &rarr; <strong>1260</strong><br />(-22 for losing)\n|raw|KingOfGreed64's rating: 1318 &rarr; <strong>1336</strong><br />(+18 for winning)\n|l|\u2606KingOfGreed64\n|player|p2|\n|j|\u2606KingOfGreed64\n|player|p2|KingOfGreed64|guzma|\n|l|\u2606KingOfGreed64\n|player|p2|\n",
  "uploadtime": 1735751064,
  "views": 340,
  "formatid": "gen9vgc2024regh",
  "rating": 1260,
  "private": 0,
  "password": null
}