{
  "id": "gen9vgc2024regh-2273226343",
  "format": "[Gen 9] VGC 2024 Reg H",
  "players": [
    "Luca8",
    "Gnarmander705"
  ],
  "log": "|j|\u2606Luca8\n|j|\u2606Gnarmander705\n|t:|1735752721\n|gametype|doubles\n|player|p1|Luca8|flint|1651\n|player|p2|Gnarmander705|shadowtriad|1462\n|teamsize|p1|6\n|teamsize|p2|6\n|gen|9\n|tier|[Gen 9] VGC 2024 Reg H\n|rated|\n|rule|Species Clause: Limit one of each Pok\u00e9mon\n|rule|Item Clause: Limit 1 of each item\n|clearpoke\n|poke|p1|Archaludon, L50, F|\n|poke|p1|Sneasler, L50, F|\n|poke|p1|Indeedee, L50, M|\n|poke|p1|Murkrow, L50, M|\n|poke|p1|Torkoal, L50, M|\n|poke|p1|Ninetales-Alola, L50, F|\n|poke|p2|Indeedee-F, L50, F|\n|poke|p2|Armarouge, L50, M|\n|poke|p2|Torkoal, L50, F|\n|poke|p2|Ursaluna-Bloodmoon, L50, M|\n|poke|p2|Amoonguss, L50, F|\n|poke|p2|Porygon2, L50|\n|teampreview|4\n|inactive|Battle timer is ON: inactive players will automatically lose when time's up. (requested by Luca8)\n|\n|t:|1735752766\n|start\n|switch|p1a: Indeedee|Indeedee, L50, M|100/100\n|switch|p1b: Ninetales|Ninetales-Alola, L50, F|100/100\n|switch|p2a: Armarouge|Armarouge, L50, M|100/100\n|switch|p2b: Indeedee|Indeedee-F, L50, F, shiny|100/100\n|-weather|Snow|[from] ability: Snow Warning|[of] p1b: Ninetales\n|-fieldstart|move: Psychic Terrain|[from] ability: Psychic Surge|[of] p1a: Indeedee\n|turn|1\n|inactive|Gnarmander705 has 30 seconds left.\n|\n|t:|1735752791\n|-terastallize|p1b: Ninetales|Ground\n|move|p1b: Ninetales|Tera Blast|p2a: Armarouge|[anim] Tera Blast Ground\n|-supereffective|p2a: Armarouge\n|-damage|p2a: Armarouge|0 fnt\n|faint|p2a: Armarouge\n|move|p1a: Indeedee|Expanding Force|p2b: Indeedee\n|-resisted|p2b: Indeedee\n|-damage|p2b: Indeedee|58/100\n|move|p2b: Indeedee|Psychic|p1b: Ninetales\n|-damage|p1b: Ninetales|57/100\n|\n|-weather|Snow|[upkeep]\n|upkeep\n|\n|t:|1735752796\n|switch|p2a: Porygon2|Porygon2, L50|100/100\n|-ability|p2a: Porygon2|Download|boost\n|-boost|p2a: Porygon2|atk|1\n|turn|2\n|\n|t:|1735752816\n|move|p1b: Ninetales|Tera Blast|p2a: Porygon2|[anim] Tera Blast Ground\n|-damage|p2a: Porygon2|70/100\n|move|p1a: Indeedee|Expanding Force|p2a: Porygon2|[spread] p2a,p2b\n|-resisted|p2b: Indeedee\n|-damage|p2a: Porygon2|29/100\n|-damage|p2b: Indeedee|30/100\n|move|p2a: Porygon2|Ice Beam|p1b: Ninetales\n|-supereffective|p1b: Ninetales\n|-damage|p1b: Ninetales|5/100\n|move|p2b: Indeedee|Trick Room|p2b: Indeedee\n|-fieldstart|move: Trick Room|[of] p2b: Indeedee\n|\n|-weather|Snow|[upkeep]\n|upkeep\n|turn|3\n|inactive|Gnarmander705 has 30 seconds left.\n|\n|t:|1735752844\n|move|p2a: Porygon2|Recover|p2a: Porygon2\n|-heal|p2a: Porygon2|79/100\n|move|p2b: Indeedee|Dazzling Gleam|p1b: Ninetales|[spread] p1a,p1b\n|-damage|p1a: Indeedee|85/100\n|-damage|p1b: Ninetales|0 fnt\n|faint|p1b: Ninetales\n|move|p1a: Indeedee|Expanding Force|p2b: Indeedee|[spread] p2a,p2b\n|-resisted|p2b: Indeedee\n|-damage|p2a: Porygon2|37/100\n|-damage|p2b: Indeedee|0 fnt\n|faint|p2b: Indeedee\n|\n|-weather|Snow|[upkeep]\n|upkeep\n|\n|t:|1735752857\n|switch|p2b: Torkoal|Torkoal, L50, F|100/100\n|switch|p1b: Torkoal|Torkoal, L50, M|100/100\n|-weather|SunnyDay|[from] ability: Drought|[of] p2b: Torkoal\n|turn|4\n|\n|t:|1735752868\n|-terastallize|p2b: Torkoal|Fire\n|move|p2b: Torkoal|Eruption|p1a: Indeedee|[spread] p1a,p1b\n|-resisted|p1b: Torkoal\n|-damage|p1a: Indeedee|0 fnt\n|-damage|p1b: Torkoal|40/100\n|faint|p1a: Indeedee\n|move|p1b: Torkoal|Eruption|p2b: Torkoal|[spread] p2a,p2b\n|-resisted|p2b: Torkoal\n|-damage|p2a: Porygon2|17/100\n|-damage|p2b: Torkoal|80/100\n|move|p2a: Porygon2|Recover|p2a: Porygon2\n|-heal|p2a: Porygon2|67/100\n|\n|-weather|SunnyDay|[upkeep]\n|-heal|p2b: Torkoal|86/100|[from] item: Leftovers\n|upkeep\n|\n|t:|1735752883\n|switch|p1a: Archaludon|Archaludon, L50, F|100/100\n|turn|5\n|\n|t:|1735752894\n|move|p1b: Torkoal|Earth Power|p2b: Torkoal\n|-supereffective|p2b: Torkoal\n|-damage|p2b: Torkoal|18/100\n|-unboost|p2b: Torkoal|spd|1\n|move|p2b: Torkoal|Eruption|p1a: Archaludon|[spread] p1a,p1b\n|-crit|p1a: Archaludon\n|-resisted|p1b: Torkoal\n|-damage|p1a: Archaludon|78/100\n|-damage|p1b: Torkoal|29/100\n|-ability|p1a: Archaludon|Stamina|boost\n|-boost|p1a: Archaludon|def|1\n|move|p2a: Porygon2|Ice Beam|p1a: Archaludon\n|-damage|p1a: Archaludon|58/100\n|-ability|p1a: Archaludon|Stamina|boost\n|-boost|p1a: Archaludon|def|1\n|move|p1a: Archaludon|Electro Shot||[still]\n|-prepare|p1a: Archaludon|Electro Shot\n|-boost|p1a: Archaludon|spa|1\n|-enditem|p1a: Archaludon|Power Herb\n|-anim|p1a: Archaludon|Electro Shot|p2b: Torkoal\n|-damage|p2b: Torkoal|0 fnt\n|faint|p2b: Torkoal\n|\n|-weather|SunnyDay|[upkeep]\n|-fieldend|move: Psychic Terrain\n|upkeep\n|turn|6\n|inactive|Luca8 has 30 seconds left.\n|\n|t:|1735752920\n|move|p1b: Torkoal|Weather Ball|p2a: Porygon2\n|-damage|p2a: Porygon2|18/100\n|move|p2a: Porygon2|Ice Beam|p1a: Archaludon\n|-damage|p1a: Archaludon|36/100\n|-ability|p1a: Archaludon|Stamina|boost\n|-boost|p1a: Archaludon|def|1\n|move|p1a: Archaludon|Body Press|p2a: Porygon2\n|-supereffective|p2a: Porygon2\n|-damage|p2a: Porygon2|0 fnt\n|faint|p2a: Porygon2\n|\n|win|Luca8\n|raw|Luca8's rating: 1651 &rarr; <strong>1661</strong><br />(+10 for winning)\n|raw|Gnarmander705's rating: 1462 &rarr; <strong>1452</strong><br />(-10 for losing)\n|l|\u2606Gnarmander705\n|player|p2|\n|l|\u2606Luca8\n|player|p1|\n",
  "uploadtime": 1735753316,
  "views": 331,
  "formatid": "gen9vgc2024regh",
  "rating": 1452,
  "private": 0,
  "password": null
}