{
  "id": "gen9vgc2024regh-2273134462",
  "format": "[Gen 9] VGC 2024 Reg H",
  "players": [
    "BenzHopes",
    "Celiakiller"
  ],
  "log": "|j|\u2606BenzHopes\n|j|\u2606Celiakiller\n|t:|1735737872\n|gametype|doubles\n|player|p1|BenzHopes|101|1323\n|player|p2|Celiakiller|102|1324\n|teamsize|p1|6\n|teamsize|p2|6\n|gen|9\n|tier|[Gen 9] VGC 2024 Reg H\n|rated|\n|rule|Species Clause: Limit one of each Pok\u00e9mon\n|rule|Item Clause: Limit 1 of each item\n|clearpoke\n|poke|p1|Palafin, L50, M|\n|poke|p1|Incineroar, L50, M|\n|poke|p1|Pelipper, L50, F|\n|poke|p1|Archaludon, L50, F|\n|poke|p1|Porygon2, L50|\n|poke|p1|Ursaluna, L50, M|\n|poke|p2|Dondozo, L50, F|\n|poke|p2|Tatsugiri, L50, M|\n|poke|p2|Grimmsnarl, L50, M|\n|poke|p2|Serperior, L50, F|\n|poke|p2|Kingdra, L50, M|\n|poke|p2|Dragapult, L50, M|\n|teampreview|4\n|inactive|Battle timer is ON: inactive players will automatically lose when time's up. (requested by BenzHopes)\n|inactive|Celiakiller has 60 seconds left.\n|\n|t:|1735737909\n|start\n|switch|p1a: Palafin|Palafin, L50, M|100/100\n|switch|p1b: Porygon2|Porygon2, L50|100/100\n|switch|p2a: Dragapult|Dragapult, L50, M|100/100\n|switch|p2b: Grimmsnarl|Grimmsnarl, L50, M, shiny|100/100\n|-ability|p1b: Porygon2|Download|boost\n|-boost|p1b: Porygon2|spa|1\n|turn|1\n|j| shihouijg6\n|inactive|BenzHopes has 30 seconds left.\n|\n|t:|1735737940\n|detailschange|p1a: Palafin|Palafin-Hero, L50, M\n|switch|p1a: Ursaluna|Ursaluna, L50, M|100/100\n|-terastallize|p2a: Dragapult|Fighting\n|move|p2b: Grimmsnarl|Fake Tears|p1b: Porygon2\n|-unboost|p1b: Porygon2|spd|2\n|move|p2a: Dragapult|Tera Blast|p1b: Porygon2|[anim] Tera Blast Fighting\n|-supereffective|p1b: Porygon2\n|-damage|p1b: Porygon2|0 fnt\n|faint|p1b: Porygon2\n|\n|-status|p1a: Ursaluna|brn|[from] item: Flame Orb\n|upkeep\n|\n|t:|1735737951\n|switch|p1b: Palafin|Palafin-Hero, L50, M|100/100\n|-activate|p1b: Palafin|ability: Zero to Hero\n|turn|2\n|l| shihouijg6\n|\n|t:|1735737966\n|-terastallize|p1a: Ursaluna|Ghost\n|move|p2b: Grimmsnarl|Thunder Wave|p1b: Palafin\n|-status|p1b: Palafin|par\n|move|p2a: Dragapult|Tera Blast|p1a: Ursaluna|[anim] Tera Blast Fighting\n|-immune|p1a: Ursaluna\n|move|p1b: Palafin|Wave Crash|p2a: Dragapult\n|-damage|p2a: Dragapult|0 fnt\n|faint|p2a: Dragapult\n|-damage|p1b: Palafin|70/100 par|[from] Recoil\n|move|p1a: Ursaluna|Facade|p2b: Grimmsnarl\n|-damage|p2b: Grimmsnarl|0 fnt\n|faint|p2b: Grimmsnarl\n|\n|-damage|p1a: Ursaluna|94/100 brn|[from] brn\n|upkeep\n|\n|t:|1735737970\n|switch|p2a: Tatsugiri|Tatsugiri, L50, M|100/100\n|switch|p2b: Dondozo|Dondozo, L50, F, shiny|100/100\n|-activate|p2a: Tatsugiri|ability: Commander|[of] p2b: Dondozo\n|-boost|p2b: Dondozo|atk|2\n|-boost|p2b: Dondozo|spa|2\n|-boost|p2b: Dondozo|spe|2\n|-boost|p2b: Dondozo|def|2\n|-boost|p2b: Dondozo|spd|2\n|turn|3\n|\n|t:|1735737983\n|switch|p1b: Incineroar|Incineroar, L50, M|100/100\n|-ability|p1b: Incineroar|Intimidate|boost\n|-unboost|p2a: Tatsugiri|atk|1\n|-fail|p2b: Dondozo|unboost|[from] item: Clear Amulet|[of] p2b: Dondozo\n|move|p2b: Dondozo|Order Up|p1a: Ursaluna\n|-crit|p1a: Ursaluna\n|-damage|p1a: Ursaluna|45/100 brn\n|-boost|p2b: Dondozo|atk|1\n|move|p1a: Ursaluna|Facade|p2b: Dondozo\n|-damage|p2b: Dondozo|62/100\n|\n|-damage|p1a: Ursaluna|39/100 brn|[from] brn\n|upkeep\n|turn|4\n|\n|t:|1735737999\n|move|p1b: Incineroar|Fake Out|p2b: Dondozo\n|-damage|p2b: Dondozo|58/100\n|cant|p2b: Dondozo|flinch\n|move|p1a: Ursaluna|Facade|p2b: Dondozo\n|-damage|p2b: Dondozo|18/100\n|\n|-damage|p1a: Ursaluna|33/100 brn|[from] brn\n|upkeep\n|turn|5\n|\n|t:|1735738007\n|move|p1a: Ursaluna|Protect|p1a: Ursaluna\n|-singleturn|p1a: Ursaluna|Protect\n|move|p2b: Dondozo|Earthquake|p1a: Ursaluna|[spread] p1b\n|-miss|p2b: Dondozo|p2a: Tatsugiri\n|-activate|p1a: Ursaluna|move: Protect\n|-supereffective|p1b: Incineroar\n|-damage|p1b: Incineroar|11/100\n|move|p1b: Incineroar|Knock Off|p2b: Dondozo\n|-damage|p2b: Dondozo|5/100\n|-enditem|p2b: Dondozo|Clear Amulet|[from] move: Knock Off|[of] p1b: Incineroar\n|\n|-damage|p1a: Ursaluna|27/100 brn|[from] brn\n|upkeep\n|turn|6\n|inactive|BenzHopes has 30 seconds left.\n|inactive|BenzHopes has 20 seconds left.\n|\n|t:|1735738045\n|switch|p1a: Palafin|Palafin-Hero, L50, M|70/100 par\n|move|p2b: Dondozo|Earthquake|p1a: Palafin|[spread] p1a,p1b\n|-miss|p2b: Dondozo|p2a: Tatsugiri\n|-supereffective|p1b: Incineroar\n|-damage|p1a: Palafin|17/100 par\n|-damage|p1b: Incineroar|0 fnt\n|faint|p1b: Incineroar\n|\n|upkeep\n|\n|t:|1735738049\n|switch|p1b: Ursaluna|Ursaluna, L50, M, tera:Ghost|27/100 brn\n|turn|7\n|-message|BenzHopes forfeited.\n|\n|win|Celiakiller\n|raw|BenzHopes's rating: 1323 &rarr; <strong>1303</strong><br />(-20 for losing)\n|raw|Celiakiller's rating: 1324 &rarr; <strong>1344</strong><br />(+20 for winning)\n|l|\u2606BenzHopes\n|player|p1|\n|l|\u2606Celiakiller\n|player|p2|\n",
  "uploadtime": 1735738367,
  "views": 22,
  "formatid": "gen9vgc2024regh",
  "rating": 1303,
  "private": 0,
  "password": null
}