{
  "id": "gen9vgc2024regh-2273105315",
  "format": "[Gen 9] VGC 2024 Reg H",
  "players": [
    "LeechingXp",
    "Tommy2213"
  ],
  "log": "|j|\u2606LeechingXp\n|j|\u2606Tommy2213\n|t:|1735731277\n|gametype|doubles\n|player|p1|LeechingXp|fantina|1152\n|player|p2|Tommy2213|266|1101\n|teamsize|p1|6\n|teamsize|p2|6\n|gen|9\n|tier|[Gen 9] VGC 2024 Reg H\n|rated|\n|rule|Species Clause: Limit one of each Pok\u00e9mon\n|rule|Item Clause: Limit 1 of each item\n|clearpoke\n|poke|p1|Dragapult, L50, M|\n|poke|p1|Riolu, L50, M|\n|poke|p1|Maushold-Four, L50|\n|poke|p1|Blastoise, L50, M|\n|poke|p1|Electrode-Hisui, L50|\n|poke|p1|Annihilape, L50, F|\n|poke|p2|Archaludon, L50, M|\n|poke|p2|Amoonguss, L50, F|\n|poke|p2|Pelipper, L50, F|\n|poke|p2|Sneasler, L50, M|\n|poke|p2|Grimmsnarl, L50, M|\n|poke|p2|Metagross, L50|\n|teampreview|4\n|\n|t:|1735731299\n|start\n|switch|p1a: Dragapult|Dragapult, L50, M|100/100\n|switch|p1b: Annihilape|Annihilape, L50, F|100/100\n|switch|p2a: Archaludon|Archaludon, L50, M, shiny|100/100\n|switch|p2b: Pelipper|Pelipper, L50, F, shiny|100/100\n|-weather|RainDance|[from] ability: Drizzle|[of] p2b: Pelipper\n|turn|1\n|\n|t:|1735731311\n|switch|p2a: Grimmsnarl|Grimmsnarl, L50, M, shiny|100/100\n|move|p1b: Annihilape|Final Gambit|p2a: Grimmsnarl\n|-damage|p2a: Grimmsnarl|0 fnt\n|faint|p1b: Annihilape\n|faint|p2a: Grimmsnarl\n|move|p1a: Dragapult|Dragon Darts|p2b: Pelipper\n|-damage|p2b: Pelipper|42/100\n|-anim|p1a: Dragapult|Dragon Darts|p2b: Pelipper\n|-damage|p2b: Pelipper|0 fnt\n|faint|p2b: Pelipper\n|\n|-weather|RainDance|[upkeep]\n|upkeep\n|\n|t:|1735731324\n|switch|p1b: Riolu|Riolu, L50, M|100/100\n|switch|p2b: Archaludon|Archaludon, L50, M, shiny|100/100\n|switch|p2a: Metagross|Metagross, L50, shiny|100/100\n|turn|2\n|\n|t:|1735731340\n|-terastallize|p1a: Dragapult|Steel\n|-terastallize|p2b: Archaludon|Grass\n|move|p1b: Riolu|Coaching|p1a: Dragapult\n|-boost|p1a: Dragapult|atk|1\n|-boost|p1a: Dragapult|def|1\n|move|p1a: Dragapult|Dragon Darts|p2a: Metagross\n|-resisted|p2a: Metagross\n|-damage|p2a: Metagross|78/100\n|-anim|p1a: Dragapult|Dragon Darts|p2b: Archaludon\n|-damage|p2b: Archaludon|46/100\n|-ability|p2b: Archaludon|Stamina|boost\n|-boost|p2b: Archaludon|def|1\n|move|p2b: Archaludon|Dragon Pulse|p1a: Dragapult\n|-resisted|p1a: Dragapult\n|-damage|p1a: Dragapult|71/100\n|move|p2a: Metagross|Psychic Fangs|p1b: Riolu\n|-supereffective|p1b: Riolu\n|-damage|p1b: Riolu|0 fnt\n|faint|p1b: Riolu\n|\n|-weather|RainDance|[upkeep]\n|upkeep\n|\n|t:|1735731350\n|switch|p1b: Electrode|Electrode-Hisui, L50|100/100\n|turn|3\n|\n|t:|1735731376\n|move|p1b: Electrode|Worry Seed|p2b: Archaludon\n|-endability|p2b: Archaludon|Stamina|[from] move: Worry Seed\n|-ability|p2b: Archaludon|Insomnia|[from] move: Worry Seed\n|move|p1a: Dragapult|Dragon Darts|p2a: Metagross\n|-resisted|p2a: Metagross\n|-damage|p2a: Metagross|55/100\n|-anim|p1a: Dragapult|Dragon Darts|p2b: Archaludon\n|-damage|p2b: Archaludon|12/100\n|move|p2b: Archaludon|Body Press|p1a: Dragapult\n|-supereffective|p1a: Dragapult\n|-damage|p1a: Dragapult|10/100\n|move|p2a: Metagross|Psychic Fangs|p1b: Electrode\n|-damage|p1b: Electrode|30/100\n|\n|-weather|RainDance|[upkeep]\n|upkeep\n|turn|4\n|\n|t:|1735731401\n|move|p1b: Electrode|Leaf Storm|p2a: Metagross\n|-resisted|p2a: Metagross\n|-damage|p2a: Metagross|33/100\n|-unboost|p1b: Electrode|spa|2\n|move|p1a: Dragapult|Dragon Darts|p2b: Archaludon\n|-damage|p2b: Archaludon|0 fnt\n|-anim|p1a: Dragapult|Dragon Darts|p2a: Metagross\n|-resisted|p2a: Metagross\n|-damage|p2a: Metagross|10/100\n|faint|p2b: Archaludon\n|move|p2a: Metagross|Psychic Fangs|p1a: Dragapult\n|-resisted|p1a: Dragapult\n|-damage|p1a: Dragapult|0 fnt\n|faint|p1a: Dragapult\n|\n|-weather|RainDance|[upkeep]\n|upkeep\n|turn|5\n|\n|t:|1735731420\n|move|p1b: Electrode|Leaf Storm|p2a: Metagross\n|-resisted|p2a: Metagross\n|-damage|p2a: Metagross|0 fnt\n|-unboost|p1b: Electrode|spa|2\n|faint|p2a: Metagross\n|\n|win|LeechingXp\n|raw|LeechingXp's rating: 1152 &rarr; <strong>1173</strong><br />(+21 for winning)\n|raw|Tommy2213's rating: 1101 &rarr; <strong>1080</strong><br />(-21 for losing)\n|l|\u2606Tommy2213\n|player|p2|\n|l|\u2606LeechingXp\n|player|p1|\n",
  "uploadtime": 1735731822,
  "views": 15,
  "formatid": "gen9vgc2024regh",
  "rating": 1080,
  "private": 0,
  "password": null
}