{
  "id": "gen9vgc2024regh-2273182462",
  "format": "[Gen 9] VGC 2024 Reg H",
  "players": [
    "noodles77",
    "sillyfrog2003"
  ],
  "log": "|j|\u2606noodles77\n|j|\u2606sillyfrog2003\n|t:|1735746360\n|gametype|doubles\n|player|p1|noodles77|janitor|1238\n|player|p2|sillyfrog2003|guitarist|1156\n|teamsize|p1|6\n|teamsize|p2|6\n|gen|9\n|tier|[Gen 9] VGC 2024 Reg H\n|rated|\n|rule|Species Clause: Limit one of each Pok\u00e9mon\n|rule|Item Clause: Limit 1 of each item\n|clearpoke\n|poke|p1|Pincurchin, L50, F|\n|poke|p1|Archaludon, L50, F|\n|poke|p1|Raichu-Alola, L50, F|\n|poke|p1|Pelipper, L50, M|\n|poke|p1|Basculegion, L50, M|\n|poke|p1|Annihilape, L50, F|\n|poke|p2|Porygon-Z, L50|\n|poke|p2|Ninetales-Alola, L50, F|\n|poke|p2|Whimsicott, L50, M|\n|poke|p2|Meowscarada, L50, M|\n|poke|p2|Flamigo, L50, F|\n|poke|p2|Garchomp, L50, M|\n|teampreview|4\n|inactive|Battle timer is ON: inactive players will automatically lose when time's up. (requested by sillyfrog2003)\n|\n|t:|1735746405\n|start\n|switch|p1a: Pincurchin|Pincurchin, L50, F|100/100\n|switch|p1b: Raichu|Raichu-Alola, L50, F|100/100\n|switch|p2a: Garchomp|Garchomp, L50, M|100/100\n|switch|p2b: Meowscarada|Meowscarada, L50, M|100/100\n|-fieldstart|move: Electric Terrain|[from] ability: Electric Surge|[of] p1a: Pincurchin\n|turn|1\n|inactive|noodles77 has 30 seconds left.\n|\n|t:|1735746430\n|move|p1b: Raichu|Volt Switch|p2b: Meowscarada\n|-resisted|p2b: Meowscarada\n|-damage|p2b: Meowscarada|66/100\n|\n|t:|1735746435\n|switch|p1b: Annihilape|Annihilape, L50, F|100/100|[from] Volt Switch\n|move|p2b: Meowscarada|Flower Trick|p1a: Pincurchin\n|-start|p2b: Meowscarada|typechange|Grass|[from] ability: Protean\n|-crit|p1a: Pincurchin\n|-damage|p1a: Pincurchin|55/100\n|move|p2a: Garchomp|Earthquake|p1b: Annihilape|[spread] p2b,p1a,p1b\n|-resisted|p2b: Meowscarada\n|-supereffective|p1a: Pincurchin\n|-crit|p1a: Pincurchin\n|-damage|p2b: Meowscarada|20/100\n|-damage|p1a: Pincurchin|0 fnt\n|-damage|p1b: Annihilape|39/100\n|faint|p1a: Pincurchin\n|\n|upkeep\n|\n|t:|1735746453\n|switch|p1a: Raichu|Raichu-Alola, L50, F|100/100\n|turn|2\n|\n|t:|1735746468\n|move|p1a: Raichu|Fake Out|p2a: Garchomp\n|-damage|p2a: Garchomp|93/100\n|-damage|p1a: Raichu|89/100|[from] ability: Rough Skin|[of] p2a: Garchomp\n|move|p2b: Meowscarada|Flower Trick|p1a: Raichu\n|-crit|p1a: Raichu\n|-damage|p1a: Raichu|0 fnt\n|faint|p1a: Raichu\n|move|p1b: Annihilape|U-turn|p2b: Meowscarada\n|-supereffective|p2b: Meowscarada\n|-damage|p2b: Meowscarada|0 fnt\n|faint|p2b: Meowscarada\n|\n|t:|1735746482\n|switch|p1b: Basculegion|Basculegion, L50, M|100/100|[from] U-turn\n|cant|p2a: Garchomp|flinch\n|\n|upkeep\n|\n|t:|1735746489\n|switch|p2b: Ninetales|Ninetales-Alola, L50, F|100/100\n|switch|p1a: Annihilape|Annihilape, L50, F|39/100\n|-weather|Snow|[from] ability: Snow Warning|[of] p2b: Ninetales\n|turn|3\n|\n|t:|1735746502\n|switch|p2a: Flamigo|Flamigo, L50, F|100/100\n|-terastallize|p1a: Annihilape|Steel\n|move|p1a: Annihilape|Rage Fist|p2a: Flamigo\n|-damage|p2a: Flamigo|33/100\n|move|p2b: Ninetales|Moonblast|p1a: Annihilape\n|-resisted|p1a: Annihilape\n|-damage|p1a: Annihilape|20/100\n|move|p1b: Basculegion|Last Respects|p2a: Flamigo\n|-damage|p2a: Flamigo|0 fnt\n|faint|p2a: Flamigo\n|-damage|p1b: Basculegion|91/100|[from] item: Life Orb\n|\n|-weather|Snow|[upkeep]\n|upkeep\n|\n|t:|1735746508\n|switch|p2a: Garchomp|Garchomp, L50, M|93/100\n|turn|4\n|\n|t:|1735746524\n|move|p1a: Annihilape|Rage Fist|p2a: Garchomp\n|-damage|p2a: Garchomp|20/100\n|-damage|p1a: Annihilape|8/100|[from] ability: Rough Skin|[of] p2a: Garchomp\n|move|p2b: Ninetales|Moonblast|p1b: Basculegion\n|-damage|p1b: Basculegion|52/100\n|move|p2a: Garchomp|Iron Head|p1a: Annihilape\n|-resisted|p1a: Annihilape\n|-damage|p1a: Annihilape|0 fnt\n|faint|p1a: Annihilape\n|move|p1b: Basculegion|Last Respects|p2b: Ninetales\n|-damage|p2b: Ninetales|0 fnt\n|faint|p2b: Ninetales\n|-damage|p1b: Basculegion|42/100|[from] item: Life Orb\n|\n|-weather|Snow|[upkeep]\n|upkeep\n|turn|5\n|\n|t:|1735746530\n|move|p2a: Garchomp|Iron Head|p1b: Basculegion\n|-resisted|p1b: Basculegion\n|-damage|p1b: Basculegion|16/100\n|move|p1b: Basculegion|Last Respects|p2a: Garchomp\n|-damage|p2a: Garchomp|0 fnt\n|faint|p2a: Garchomp\n|-damage|p1b: Basculegion|6/100|[from] item: Life Orb\n|\n|win|noodles77\n|raw|noodles77's rating: 1238 &rarr; <strong>1257</strong><br />(+19 for winning)\n|raw|sillyfrog2003's rating: 1156 &rarr; <strong>1137</strong><br />(-19 for losing)\n|l|\u2606sillyfrog2003\n|player|p2|\n|c|\u2606noodles77|Iron head?\n|l|\u2606noodles77\n|player|p1|\n",
  "uploadtime": 1735746812,
  "views": 131,
  "formatid": "gen9vgc2024regh",
  "rating": 1137,
  "private": 0,
  "password": null
}