{
  "id": "gen9vgc2024regh-2273133553",
  "format": "[Gen 9] VGC 2024 Reg H",
  "players": [
    "viet3010",
    "jon duan jozo"
  ],
  "log": "|j|\u2606viet3010\n|j|\u2606jon duan jozo\n|t:|1735737687\n|gametype|doubles\n|player|p1|viet3010|169|1112\n|player|p2|jon duan jozo|ethan|1237\n|teamsize|p1|6\n|teamsize|p2|6\n|gen|9\n|tier|[Gen 9] VGC 2024 Reg H\n|rated|\n|rule|Species Clause: Limit one of each Pok\u00e9mon\n|rule|Item Clause: Limit 1 of each item\n|clearpoke\n|poke|p1|Annihilape, L50, M|\n|poke|p1|Palafin, L50, M|\n|poke|p1|Scrafty, L50, M|\n|poke|p1|Talonflame, L50, M|\n|poke|p1|Dondozo, L50, M|\n|poke|p1|Tatsugiri, L50, M|\n|poke|p2|Archaludon, L50, M|\n|poke|p2|Kingdra, L50, F|\n|poke|p2|Politoed, L50, M|\n|poke|p2|Incineroar, L50, M|\n|poke|p2|Gothitelle, L50, F|\n|poke|p2|Amoonguss, L50, M|\n|teampreview|4\n|inactive|Battle timer is ON: inactive players will automatically lose when time's up. (requested by jon duan jozo)\n|inactive|viet3010 has 60 seconds left.\n|\n|t:|1735737720\n|start\n|switch|p1a: Palafin|Palafin, L50, M, shiny|100/100\n|switch|p1b: Annihilape|Annihilape, L50, M, shiny|100/100\n|switch|p2a: Gothitelle|Gothitelle, L50, F|100/100\n|switch|p2b: Kingdra|Kingdra, L50, F|100/100\n|turn|1\n|inactive|jon duan jozo has 30 seconds left.\n|\n|t:|1735737746\n|switch|p2a: Politoed|Politoed, L50, M|100/100\n|-weather|RainDance|[from] ability: Drizzle|[of] p2a: Politoed\n|move|p1a: Palafin|Jet Punch|p2b: Kingdra\n|-resisted|p2b: Kingdra\n|-damage|p2b: Kingdra|88/100\n|move|p2b: Kingdra|Draco Meteor|p1b: Annihilape\n|-damage|p1b: Annihilape|14/100\n|-unboost|p2b: Kingdra|spa|2\n|-damage|p2b: Kingdra|79/100|[from] item: Life Orb\n|move|p1b: Annihilape|Focus Energy|p1b: Annihilape\n|-start|p1b: Annihilape|move: Focus Energy\n|\n|-weather|RainDance|[upkeep]\n|upkeep\n|turn|2\n|inactive|viet3010 has 30 seconds left.\n|\n|t:|1735737772\n|-terastallize|p1b: Annihilape|Ghost\n|move|p2b: Kingdra|Hurricane|p1b: Annihilape\n|-damage|p1b: Annihilape|0 fnt\n|faint|p1b: Annihilape\n|-damage|p2b: Kingdra|70/100|[from] item: Life Orb\n|move|p1a: Palafin|Flip Turn|p2b: Kingdra\n|-resisted|p2b: Kingdra\n|-damage|p2b: Kingdra|59/100\n|\n|t:|1735737777\n|detailschange|p1a: Palafin|Palafin-Hero, L50, M, shiny\n|switch|p1a: Scrafty|Scrafty, L50, M|100/100|[from] Flip Turn\n|-ability|p1a: Scrafty|Intimidate|boost\n|-unboost|p2a: Politoed|atk|1\n|-unboost|p2b: Kingdra|atk|1\n|move|p2a: Politoed|Perish Song|p2a: Politoed\n|-start|p1a: Scrafty|perish3|[silent]\n|-start|p2a: Politoed|perish3|[silent]\n|-start|p2b: Kingdra|perish3|[silent]\n|-fieldactivate|move: Perish Song\n|\n|-weather|RainDance|[upkeep]\n|-start|p2b: Kingdra|perish3\n|-start|p2a: Politoed|perish3\n|-start|p1a: Scrafty|perish3\n|upkeep\n|\n|t:|1735737787\n|switch|p1b: Palafin|Palafin-Hero, L50, M, shiny|100/100\n|-activate|p1b: Palafin|ability: Zero to Hero\n|turn|3\n|inactive|jon duan jozo has 30 seconds left.\n|\n|t:|1735737814\n|switch|p2b: Incineroar|Incineroar, L50, M|100/100\n|-ability|p2b: Incineroar|Intimidate|boost\n|-unboost|p1a: Scrafty|atk|1\n|-unboost|p1b: Palafin|atk|1\n|move|p2a: Politoed|Protect|p2a: Politoed\n|-singleturn|p2a: Politoed|Protect\n|move|p1b: Palafin|Jet Punch|p2b: Incineroar\n|-supereffective|p2b: Incineroar\n|-damage|p2b: Incineroar|22/100\n|move|p1a: Scrafty|Coaching|p1b: Palafin\n|-boost|p1b: Palafin|atk|1\n|-boost|p1b: Palafin|def|1\n|\n|-weather|RainDance|[upkeep]\n|-start|p2a: Politoed|perish2\n|-start|p1a: Scrafty|perish2\n|upkeep\n|turn|4\n|inactive|viet3010 has 30 seconds left.\n|inactive|jon duan jozo has 30 seconds left.\n|\n|t:|1735737845\n|switch|p2a: Gothitelle|Gothitelle, L50, F|100/100\n|move|p2b: Incineroar|Fake Out|p1b: Palafin\n|-damage|p1b: Palafin|93/100\n|cant|p1b: Palafin|flinch\n|move|p1a: Scrafty|Coaching|p1b: Palafin\n|-boost|p1b: Palafin|atk|1\n|-boost|p1b: Palafin|def|1\n|\n|-weather|RainDance|[upkeep]\n|-start|p1a: Scrafty|perish1\n|upkeep\n|turn|5\n|inactive|viet3010 has 30 seconds left.\n|inactive|viet3010 has 20 seconds left.\n|\n|t:|1735737880\n|switch|p2b: Politoed|Politoed, L50, M|100/100\n|-terastallize|p2a: Gothitelle|Dark\n|move|p2a: Gothitelle|Fake Out|p1b: Palafin\n|-damage|p1b: Palafin|90/100\n|cant|p1b: Palafin|flinch\n|move|p1a: Scrafty|Encore||[still]\n|-fail|p1a: Scrafty\n|\n|-weather|none\n|-start|p1a: Scrafty|perish0\n|upkeep\n|faint|p1a: Scrafty\n|\n|t:|1735737891\n|switch|p1a: Talonflame|Talonflame, L50, M, shiny|100/100\n|turn|6\n|\n|t:|1735737914\n|switch|p2a: Incineroar|Incineroar, L50, M|22/100\n|-ability|p2a: Incineroar|Intimidate|boost\n|-unboost|p1a: Talonflame|atk|1\n|-unboost|p1b: Palafin|atk|1\n|move|p2b: Politoed|Protect|p2b: Politoed\n|-singleturn|p2b: Politoed|Protect\n|move|p1a: Talonflame|Tailwind|p1a: Talonflame\n|-sidestart|p1: viet3010|move: Tailwind\n|move|p1b: Palafin|Drain Punch|p2a: Incineroar\n|-supereffective|p2a: Incineroar\n|-damage|p2a: Incineroar|0 fnt\n|-heal|p1b: Palafin|100/100|[from] drain|[of] p2a: Incineroar\n|faint|p2a: Incineroar\n|\n|upkeep\n|\n|t:|1735737926\n|switch|p2a: Gothitelle|Gothitelle, L50, F, tera:Dark|100/100\n|turn|7\n|\n|t:|1735737950\n|move|p2a: Gothitelle|Fake Out|p1b: Palafin\n|-damage|p1b: Palafin|98/100\n|move|p1a: Talonflame|Brave Bird|p2b: Politoed\n|-damage|p2b: Politoed|71/100\n|-damage|p1a: Talonflame|88/100|[from] Recoil\n|cant|p1b: Palafin|flinch\n|move|p2b: Politoed|Perish Song|p2b: Politoed\n|-start|p1a: Talonflame|perish3|[silent]\n|-start|p1b: Palafin|perish3|[silent]\n|-start|p2a: Gothitelle|perish3|[silent]\n|-start|p2b: Politoed|perish3|[silent]\n|-fieldactivate|move: Perish Song\n|\n|-heal|p2b: Politoed|77/100|[from] item: Leftovers\n|-start|p1a: Talonflame|perish3\n|-start|p1b: Palafin|perish3\n|-start|p2b: Politoed|perish3\n|-start|p2a: Gothitelle|perish3\n|upkeep\n|turn|8\n|inactive|viet3010 has 30 seconds left.\n|\n|t:|1735737975\n|move|p2b: Politoed|Protect|p2b: Politoed\n|-singleturn|p2b: Politoed|Protect\n|move|p2a: Gothitelle|Protect|p2a: Gothitelle\n|-singleturn|p2a: Gothitelle|Protect\n|move|p1a: Talonflame|Brave Bird|p2b: Politoed\n|-activate|p2b: Politoed|move: Protect\n|move|p1b: Palafin|Drain Punch|p2a: Gothitelle\n|-activate|p2a: Gothitelle|move: Protect\n|\n|-heal|p2b: Politoed|83/100|[from] item: Leftovers\n|-start|p1a: Talonflame|perish2\n|-start|p1b: Palafin|perish2\n|-start|p2b: Politoed|perish2\n|-start|p2a: Gothitelle|perish2\n|upkeep\n|turn|9\n|\n|t:|1735737996\n|switch|p2b: Kingdra|Kingdra, L50, F|59/100\n|move|p1a: Talonflame|Brave Bird|p2b: Kingdra\n|-damage|p2b: Kingdra|14/100\n|-damage|p1a: Talonflame|74/100|[from] Recoil\n|move|p1b: Palafin|Drain Punch|p2a: Gothitelle\n|-supereffective|p2a: Gothitelle\n|-damage|p2a: Gothitelle|35/100\n|-heal|p1b: Palafin|100/100|[from] drain|[of] p2a: Gothitelle\n|-enditem|p2a: Gothitelle|Sitrus Berry|[eat]\n|-heal|p2a: Gothitelle|60/100|[from] item: Sitrus Berry\n|move|p2a: Gothitelle|Trick Room|p2a: Gothitelle\n|-fieldstart|move: Trick Room|[of] p2a: Gothitelle\n|\n|-start|p2a: Gothitelle|perish1\n|-start|p1b: Palafin|perish1\n|-start|p1a: Talonflame|perish1\n|-sideend|p1: viet3010|move: Tailwind\n|upkeep\n|turn|10\n|inactive|jon duan jozo has 30 seconds left.\n|\n|t:|1735738031\n|move|p2b: Kingdra|Hurricane|p2a: Gothitelle\n|-crit|p2a: Gothitelle\n|-damage|p2a: Gothitelle|3/100\n|-damage|p2b: Kingdra|5/100|[from] item: Life Orb\n|move|p1b: Palafin|Drain Punch|p2a: Gothitelle\n|-supereffective|p2a: Gothitelle\n|-damage|p2a: Gothitelle|0 fnt\n|faint|p2a: Gothitelle\n|move|p1a: Talonflame|Brave Bird|p2b: Kingdra\n|-damage|p2b: Kingdra|0 fnt\n|faint|p2b: Kingdra\n|-damage|p1a: Talonflame|73/100|[from] Recoil\n|\n|-start|p1b: Palafin|perish0\n|-start|p1a: Talonflame|perish0\n|faint|p1b: Palafin\n|faint|p1a: Talonflame\n|\n|win|jon duan jozo\n|upkeep\n|raw|viet3010's rating: 1112 &rarr; <strong>1096</strong><br />(-16 for losing)\n|raw|jon duan jozo's rating: 1237 &rarr; <strong>1253</strong><br />(+16 for winning)\n|l|\u2606viet3010\n|player|p1|\n|l|\u2606jon duan jozo\n|player|p2|\n",
  "uploadtime": 1735738367,
  "views": 27,
  "formatid": "gen9vgc2024regh",
  "rating": 1096,
  "private": 0,
  "password": null
}