{
  "id": "gen9vgc2024regh-2273161010",
  "format": "[Gen 9] VGC 2024 Reg H",
  "players": [
    "CEExy",
    "strike117"
  ],
  "log": "|j|\u2606CEExy\n|j|\u2606strike117\n|t:|1735742863\n|gametype|doubles\n|player|p1|CEExy|2|1256\n|player|p2|strike117|169|1123\n|teamsize|p1|6\n|teamsize|p2|6\n|gen|9\n|tier|[Gen 9] VGC 2024 Reg H\n|rated|\n|rule|Species Clause: Limit one of each Pok\u00e9mon\n|rule|Item Clause: Limit 1 of each item\n|clearpoke\n|poke|p1|Incineroar, L50, F|\n|poke|p1|Sneasler, L50, F|\n|poke|p1|Indeedee, L50, M|\n|poke|p1|Ursaluna-Bloodmoon, L50, M|\n|poke|p1|Electabuzz, L50, F|\n|poke|p1|Talonflame, L50, F|\n|poke|p2|Bayleef, L50, M|\n|poke|p2|Blissey, L50, F|\n|poke|p2|Incineroar, L50, M|\n|poke|p2|Clefable, L50, M|\n|poke|p2|Garchomp, L50, F|\n|poke|p2|Lucario, L50, F|\n|teampreview|4\n|\n|t:|1735742876\n|start\n|switch|p1a: Sneasler|Sneasler, L50, F|100/100\n|switch|p1b: Indeedee|Indeedee, L50, M|100/100\n|switch|p2a: Bayleef|Bayleef, L50, M, shiny|100/100\n|switch|p2b: Incineroar|Incineroar, L50, M, shiny|100/100\n|-fieldstart|move: Psychic Terrain|[from] ability: Psychic Surge|[of] p1b: Indeedee\n|-enditem|p1a: Sneasler|Psychic Seed\n|-boost|p1a: Sneasler|spd|1|[from] item: Psychic Seed\n|-ability|p2b: Incineroar|Intimidate|boost\n|-unboost|p1a: Sneasler|atk|1\n|-unboost|p1b: Indeedee|atk|1\n|turn|1\n|inactive|Battle timer is ON: inactive players will automatically lose when time's up. (requested by strike117)\n|inactive|strike117 has 60 seconds left.\n|\n|t:|1735742911\n|-terastallize|p2b: Incineroar|Fire\n|move|p1b: Indeedee|Helping Hand|p1a: Sneasler\n|-singleturn|p1a: Sneasler|Helping Hand|[of] p1b: Indeedee\n|move|p1a: Sneasler|Close Combat|p2b: Incineroar\n|-damage|p2b: Incineroar|36/100\n|-unboost|p1a: Sneasler|def|1\n|-unboost|p1a: Sneasler|spd|1\n|move|p2b: Incineroar|Knock Off|p1a: Sneasler\n|-resisted|p1a: Sneasler\n|-damage|p1a: Sneasler|65/100\n|move|p2a: Bayleef|Leech Seed|p1b: Indeedee\n|-start|p1b: Indeedee|move: Leech Seed\n|\n|-damage|p1b: Indeedee|88/100|[from] Leech Seed|[of] p2a: Bayleef\n|upkeep\n|turn|2\n|inactive|CEExy has 30 seconds left.\n|inactive|strike117 has 30 seconds left.\n|\n|t:|1735742942\n|move|p1a: Sneasler|Close Combat|p2b: Incineroar\n|-damage|p2b: Incineroar|0 fnt\n|-unboost|p1a: Sneasler|def|1\n|-unboost|p1a: Sneasler|spd|1\n|faint|p2b: Incineroar\n|move|p1b: Indeedee|Expanding Force|p2a: Bayleef\n|-damage|p2a: Bayleef|48/100\n|move|p2a: Bayleef|Substitute|p2a: Bayleef\n|-start|p2a: Bayleef|Substitute\n|-damage|p2a: Bayleef|23/100\n|\n|-damage|p1b: Indeedee|75/100|[from] Leech Seed|[of] p2a: Bayleef\n|-heal|p2a: Bayleef|35/100|[silent]\n|upkeep\n|\n|t:|1735742958\n|switch|p2b: Blissey|Blissey, L50, F, shiny|100/100\n|turn|3\n|\n|t:|1735742981\n|switch|p1a: Ursaluna|Ursaluna-Bloodmoon, L50, M|100/100\n|switch|p1b: Incineroar|Incineroar, L50, F|100/100\n|-ability|p1b: Incineroar|Intimidate|boost\n|-immune|p2a: Bayleef\n|-unboost|p2b: Blissey|atk|1\n|move|p2a: Bayleef|Giga Drain|p1a: Ursaluna\n|-supereffective|p1a: Ursaluna\n|-damage|p1a: Ursaluna|55/100\n|-heal|p2a: Bayleef|67/100|[from] drain|[of] p1a: Ursaluna\n|move|p2b: Blissey|Thunder Wave|p1b: Incineroar\n|-status|p1b: Incineroar|par\n|\n|upkeep\n|turn|4\n|inactive|strike117 has 30 seconds left.\n|\n|t:|1735743009\n|-terastallize|p1a: Ursaluna|Normal\n|move|p1b: Incineroar|Fake Out|p2b: Blissey\n|-activate|p2b: Blissey|move: Psychic Terrain\n|move|p1a: Ursaluna|Hyper Voice|p2b: Blissey|[spread] p2a,p2b\n|-damage|p2a: Bayleef|23/100\n|-damage|p2b: Blissey|75/100\n|-damage|p1a: Ursaluna|45/100|[from] item: Life Orb\n|move|p2a: Bayleef|Giga Drain|p1a: Ursaluna\n|-damage|p1a: Ursaluna|9/100\n|-heal|p2a: Bayleef|48/100|[from] drain|[of] p1a: Ursaluna\n|move|p2b: Blissey|Soft-Boiled|p2b: Blissey\n|-heal|p2b: Blissey|100/100\n|\n|upkeep\n|turn|5\n|inactive|strike117 has 30 seconds left.\n|\n|t:|1735743034\n|move|p1a: Ursaluna|Hyper Voice|p2a: Bayleef|[spread] p2a,p2b\n|-damage|p2a: Bayleef|4/100\n|-damage|p2b: Blissey|78/100\n|-damage|p1a: Ursaluna|0 fnt|[from] item: Life Orb\n|faint|p1a: Ursaluna\n|move|p2a: Bayleef|Giga Drain|p1b: Incineroar\n|-resisted|p1b: Incineroar\n|-damage|p1b: Incineroar|88/100 par\n|-heal|p2a: Bayleef|13/100|[from] drain|[of] p1b: Incineroar\n|move|p2b: Blissey|Echoed Voice|p1b: Incineroar\n|-damage|p1b: Incineroar|77/100 par\n|cant|p1b: Incineroar|par\n|\n|-heal|p2b: Blissey|84/100|[from] item: Leftovers\n|-fieldend|move: Psychic Terrain\n|upkeep\n|\n|t:|1735743045\n|switch|p1a: Indeedee|Indeedee, L50, M|75/100\n|-fieldstart|move: Psychic Terrain|[from] ability: Psychic Surge|[of] p1a: Indeedee\n|turn|6\n|\n|t:|1735743063\n|move|p1a: Indeedee|Expanding Force|p2b: Blissey|[spread] p2a,p2b\n|-end|p2a: Bayleef|Substitute\n|-damage|p2b: Blissey|64/100\n|move|p2a: Bayleef|Leech Seed|p1a: Indeedee\n|-start|p1a: Indeedee|move: Leech Seed\n|move|p2b: Blissey|Thunder Wave|p1a: Indeedee|[miss]\n|-miss|p2b: Blissey|p1a: Indeedee\n|move|p1b: Incineroar|Flare Blitz|p2a: Bayleef\n|-supereffective|p2a: Bayleef\n|-damage|p2a: Bayleef|0 fnt\n|faint|p2a: Bayleef\n|-damage|p1b: Incineroar|74/100 par|[from] Recoil\n|\n|-heal|p2b: Blissey|70/100|[from] item: Leftovers\n|upkeep\n|\n|t:|1735743080\n|switch|p2a: Clefable|Clefable, L50, M|100/100\n|turn|7\n|\n|t:|1735743100\n|move|p1a: Indeedee|Expanding Force|p2b: Blissey|[spread] p2a,p2b\n|-damage|p2a: Clefable|63/100\n|-damage|p2b: Blissey|49/100\n|move|p2a: Clefable|Moonblast|p1b: Incineroar\n|-damage|p1b: Incineroar|31/100 par\n|move|p2b: Blissey|Echoed Voice|p1a: Indeedee\n|-damage|p1a: Indeedee|59/100\n|move|p1b: Incineroar|Parting Shot|p2a: Clefable\n|-unboost|p2a: Clefable|atk|1\n|-unboost|p2a: Clefable|spa|1\n|\n|t:|1735743108\n|switch|p1b: Sneasler|Sneasler, L50, F|65/100|[from] Parting Shot\n|\n|-heal|p2b: Blissey|55/100|[from] item: Leftovers\n|-damage|p1a: Indeedee|47/100|[from] Leech Seed|[of] p2a: Clefable\n|-heal|p2a: Clefable|72/100|[silent]\n|upkeep\n|turn|8\n|\n|t:|1735743124\n|move|p1b: Sneasler|Close Combat|p2b: Blissey\n|-supereffective|p2b: Blissey\n|-damage|p2b: Blissey|0 fnt\n|-unboost|p1b: Sneasler|def|1\n|-unboost|p1b: Sneasler|spd|1\n|faint|p2b: Blissey\n|move|p1a: Indeedee|Expanding Force|p2a: Clefable\n|-damage|p2a: Clefable|29/100\n|move|p2a: Clefable|Ice Beam|p1b: Sneasler\n|-damage|p1b: Sneasler|41/100\n|\n|-damage|p1a: Indeedee|34/100|[from] Leech Seed|[of] p2a: Clefable\n|-heal|p2a: Clefable|37/100|[silent]\n|upkeep\n|turn|9\n|-message|strike117 forfeited.\n|\n|win|CEExy\n|raw|CEExy's rating: 1256 &rarr; <strong>1272</strong><br />(+16 for winning)\n|raw|strike117's rating: 1123 &rarr; <strong>1107</strong><br />(-16 for losing)\n|l|\u2606strike117\n|player|p2|\n|l|\u2606CEExy\n|player|p1|\n",
  "uploadtime": 1735743490,
  "views": 127,
  "formatid": "gen9vgc2024regh",
  "rating": 1107,
  "private": 0,
  "password": null
}