{
  "id": "gen9vgc2024regh-2273131593",
  "format": "[Gen 9] VGC 2024 Reg H",
  "players": [
    "CocoCekodok",
    "tomandjerrycuaduc"
  ],
  "log": "|j|\u2606CocoCekodok\n|j|\u2606tomandjerrycuaduc\n|t:|1735737265\n|gametype|doubles\n|player|p1|CocoCekodok|266|1118\n|player|p2|tomandjerrycuaduc|266|1106\n|teamsize|p1|6\n|teamsize|p2|6\n|gen|9\n|tier|[Gen 9] VGC 2024 Reg H\n|rated|\n|rule|Species Clause: Limit one of each Pok\u00e9mon\n|rule|Item Clause: Limit 1 of each item\n|clearpoke\n|poke|p1|Cyclizar, L50, F|\n|poke|p1|Rillaboom, L50, M|\n|poke|p1|Blaziken, L50, M|\n|poke|p1|Espathra, L50, M|\n|poke|p1|Farigiraf, L50, M|\n|poke|p1|Magmar, L50, F|\n|poke|p2|Porygon2, L50|\n|poke|p2|Pawmot, L50, F|\n|poke|p2|Zoroark-Hisui, L50, F|\n|poke|p2|Ursaluna, L50, F|\n|poke|p2|Clawitzer, L50, F|\n|poke|p2|Clefable, L50, M|\n|teampreview|4\nCocoCekodok has agreed to open team sheets.\n|\n|t:|1735737297\n|start\n|switch|p1a: Maxim|Cyclizar, L50, F|100/100\n|switch|p1b: Rock|Rillaboom, L50, M|100/100\n|switch|p2a: Ursaluna|Ursaluna, L50, F|100/100\n|switch|p2b: Pawmot|Pawmot, L50, F|100/100\n|-fieldstart|move: Grassy Terrain|[from] ability: Grassy Surge|[of] p1b: Rock\n|turn|1\n|\n|t:|1735737329\n|move|p2b: Pawmot|Fake Out|p1a: Maxim\n|-damage|p1a: Maxim|82/100\n|cant|p1a: Maxim|flinch\n|move|p2a: Ursaluna|Flamethrower|p1b: Rock\n|-supereffective|p1b: Rock\n|-damage|p1b: Rock|50/100\n|move|p1b: Rock|Wood Hammer|p2a: Ursaluna\n|-damage|p2a: Ursaluna|0 fnt\n|replace|p2a: Zoroark|Zoroark-Hisui, L50, F\n|-end|p2a: Zoroark|Illusion\n|faint|p2a: Zoroark\n|-damage|p1b: Rock|28/100|[from] Recoil\n|\n|-heal|p1a: Maxim|88/100|[from] Grassy Terrain\n|-heal|p1b: Rock|33/100|[from] Grassy Terrain\n|upkeep\n|\n|t:|1735737345\n|switch|p2a: Ursaluna|Ursaluna, L50, F|100/100\n|turn|2\n|\n|t:|1735737372\n|move|p2a: Ursaluna|Protect|p2a: Ursaluna\n|-singleturn|p2a: Ursaluna|Protect\n|move|p1a: Maxim|Knock Off|p2a: Ursaluna\n|-activate|p2a: Ursaluna|move: Protect\n|move|p2b: Pawmot|Ice Punch|p1a: Maxim\n|-supereffective|p1a: Maxim\n|-damage|p1a: Maxim|4/100\n|move|p1b: Rock|Wood Hammer|p2a: Ursaluna\n|-activate|p2a: Ursaluna|move: Protect\n|\n|-heal|p1a: Maxim|11/100|[from] Grassy Terrain\n|-heal|p1b: Rock|39/100|[from] Grassy Terrain\n|-status|p2a: Ursaluna|brn|[from] item: Flame Orb\n|upkeep\n|turn|3\n|\n|t:|1735737410\n|switch|p1a: Peking|Magmar, L50, F|100/100\n|switch|p2a: Porygon2|Porygon2, L50, shiny|100/100\n|-ability|p2a: Porygon2|Download|boost\n|-boost|p2a: Porygon2|spa|1\n|-terastallize|p1b: Rock|Fire\n|move|p2b: Pawmot|Ice Punch|p1b: Rock\n|-resisted|p1b: Rock\n|-damage|p1b: Rock|25/100\n|move|p1b: Rock|U-turn|p2a: Porygon2\n|-damage|p2a: Porygon2|83/100\n|\n|t:|1735737421\n|switch|p1b: Maxim|Cyclizar, L50, F|44/100|[from] U-turn\n|\n|-heal|p1b: Maxim|50/100|[from] Grassy Terrain\n|-heal|p2a: Porygon2|89/100|[from] Grassy Terrain\n|upkeep\n|turn|4\n|\n|t:|1735737447\n|switch|p1b: Fringe|Espathra, L50, M|100/100\n|-enditem|p1b: Fringe|Grassy Seed\n|-boost|p1b: Fringe|def|1|[from] item: Grassy Seed\n|switch|p2b: Ursaluna|Ursaluna, L50, F|100/100 brn\n|move|p1a: Peking|Follow Me|p1a: Peking\n|-singleturn|p1a: Peking|move: Follow Me\n|move|p2a: Porygon2|Trick Room|p2a: Porygon2\n|-fieldstart|move: Trick Room|[of] p2a: Porygon2\n|\n|-heal|p2a: Porygon2|95/100|[from] Grassy Terrain\n|-damage|p2b: Ursaluna|94/100 brn|[from] brn\n|upkeep\n|turn|5\n|\n|t:|1735737473\n|-terastallize|p2a: Porygon2|Flying\n|move|p2b: Ursaluna|Earthquake|p1b: Fringe|[spread] p1a,p1b\n|-immune|p2a: Porygon2\n|-supereffective|p1a: Peking\n|-damage|p1a: Peking|55/100\n|-damage|p1b: Fringe|65/100\n|move|p2a: Porygon2|Tera Blast|p1a: Peking|[anim] Tera Blast Flying\n|-damage|p1a: Peking|6/100\n|move|p1a: Peking|Heat Wave|p2b: Ursaluna|[spread] p2a\n|-miss|p1a: Peking|p2b: Ursaluna\n|-damage|p2a: Porygon2|80/100\n|move|p1b: Fringe|Energy Ball|p2b: Ursaluna\n|-supereffective|p2b: Ursaluna\n|-crit|p2b: Ursaluna\n|-damage|p2b: Ursaluna|0 fnt\n|faint|p2b: Ursaluna\n|\n|-heal|p1a: Peking|12/100|[from] Grassy Terrain\n|-heal|p1b: Fringe|71/100|[from] Grassy Terrain\n|-fieldend|move: Grassy Terrain\n|-ability|p1b: Fringe|Speed Boost|boost\n|-boost|p1b: Fringe|spe|1\n|upkeep\n|\n|t:|1735737486\n|switch|p2b: Pawmot|Pawmot, L50, F|100/100\n|turn|6\n|\n|t:|1735737503\n|move|p1a: Peking|Protect|p1a: Peking\n|-singleturn|p1a: Peking|Protect\n|move|p2b: Pawmot|Fake Out|p1a: Peking\n|-activate|p1a: Peking|move: Protect\n|move|p2a: Porygon2|Tera Blast|p1b: Fringe|[anim] Tera Blast Flying\n|-crit|p1b: Fringe\n|-damage|p1b: Fringe|0 fnt\n|faint|p1b: Fringe\n|\n|upkeep\n|\n|t:|1735737514\n|switch|p1b: Maxim|Cyclizar, L50, F|84/100\n|turn|7\n|\n|t:|1735737530\n|move|p2a: Porygon2|Thunderbolt|p1a: Peking\n|-crit|p1a: Peking\n|-damage|p1a: Peking|0 fnt\n|faint|p1a: Peking\n|move|p2b: Pawmot|Ice Punch|p1b: Maxim\n|-supereffective|p1b: Maxim\n|-damage|p1b: Maxim|0 fnt\n|faint|p1b: Maxim\n|\n|upkeep\n|-message|CocoCekodok forfeited.\n|\n|win|tomandjerrycuaduc\n|raw|CocoCekodok's rating: 1118 &rarr; <strong>1092</strong><br />(-26 for losing)\n|raw|tomandjerrycuaduc's rating: 1106 &rarr; <strong>1132</strong><br />(+26 for winning)\n|l|\u2606CocoCekodok\n|player|p1|\n|l|\u2606tomandjerrycuaduc\n|player|p2|\n",
  "uploadtime": 1735737951,
  "views": 21,
  "formatid": "gen9vgc2024regh",
  "rating": 1092,
  "private": 0,
  "password": null
}