{
  "id": "gen9vgc2024regh-2273162887",
  "format": "[Gen 9] VGC 2024 Reg H",
  "players": [
    "JokerHu",
    "jon duan jozo"
  ],
  "log": "|j|\u2606JokerHu\n|j|\u2606jon duan jozo\n|t:|1735743184\n|gametype|doubles\n|player|p1|JokerHu|iris-gen5bw2|1185\n|player|p2|jon duan jozo|ethan|1240\n|teamsize|p1|6\n|teamsize|p2|6\n|gen|9\n|tier|[Gen 9] VGC 2024 Reg H\n|rated|\n|rule|Species Clause: Limit one of each Pok\u00e9mon\n|rule|Item Clause: Limit 1 of each item\n|clearpoke\n|poke|p1|Ursaluna-Bloodmoon, L50, M|\n|poke|p1|Porygon2, L50|\n|poke|p1|Amoonguss, L50, F|\n|poke|p1|Incineroar, L50, F|\n|poke|p1|Dragapult, L50, F|\n|poke|p1|Sneasler, L50, F|\n|poke|p2|Archaludon, L50, F|\n|poke|p2|Kingdra, L50, F|\n|poke|p2|Politoed, L50, F|\n|poke|p2|Incineroar, L50, M|\n|poke|p2|Gothitelle, L50, F|\n|poke|p2|Amoonguss, L50, M|\n|teampreview|4\n|inactive|Battle timer is ON: inactive players will automatically lose when time's up. (requested by jon duan jozo)\n|\n|t:|1735743208\n|start\n|switch|p1a: Incineroar|Incineroar, L50, F|100/100\n|switch|p1b: Amoonguss|Amoonguss, L50, F|100/100\n|switch|p2a: Gothitelle|Gothitelle, L50, F|100/100\n|switch|p2b: Kingdra|Kingdra, L50, F|100/100\n|-ability|p1a: Incineroar|Intimidate|boost\n|-unboost|p2a: Gothitelle|atk|1\n|-unboost|p2b: Kingdra|atk|1\n|turn|1\n|inactive|jon duan jozo has 30 seconds left.\n|inactive|jon duan jozo has 20 seconds left.\n|inactive|jon duan jozo has 15 seconds left.\n|\n|t:|1735743252\n|move|p2b: Kingdra|Protect|p2b: Kingdra\n|-singleturn|p2b: Kingdra|Protect\n|move|p2a: Gothitelle|Protect|p2a: Gothitelle\n|-singleturn|p2a: Gothitelle|Protect\n|move|p1a: Incineroar|Fake Out|p2b: Kingdra\n|-activate|p2b: Kingdra|move: Protect\n|move|p1b: Amoonguss|Spore|p2b: Kingdra\n|-activate|p2b: Kingdra|move: Protect\n|\n|upkeep\n|turn|2\n|\n|t:|1735743276\n|switch|p2a: Politoed|Politoed, L50, F|100/100\n|-weather|RainDance|[from] ability: Drizzle|[of] p2a: Politoed\n|move|p2b: Kingdra|Weather Ball|p1a: Incineroar\n|-supereffective|p1a: Incineroar\n|-damage|p1a: Incineroar|0 fnt\n|faint|p1a: Incineroar\n|-damage|p2b: Kingdra|91/100|[from] item: Life Orb\n|move|p1b: Amoonguss|Spore|p2b: Kingdra\n|-status|p2b: Kingdra|slp|[from] move: Spore\n|\n|-weather|RainDance|[upkeep]\n|upkeep\n|\n|t:|1735743289\n|switch|p1a: Ursaluna|Ursaluna-Bloodmoon, L50, M|100/100\n|turn|3\n|inactive|jon duan jozo has 30 seconds left.\n|\n|t:|1735743321\n|switch|p2b: Incineroar|Incineroar, L50, M|100/100\n|-ability|p2b: Incineroar|Intimidate|boost\n|-unboost|p1a: Ursaluna|atk|1\n|-unboost|p1b: Amoonguss|atk|1\n|-terastallize|p1a: Ursaluna|Normal\n|move|p2a: Politoed|Protect|p2a: Politoed\n|-singleturn|p2a: Politoed|Protect\n|move|p1a: Ursaluna|Blood Moon|p2b: Incineroar\n|-damage|p2b: Incineroar|27/100\n|move|p1b: Amoonguss|Spore|p2a: Politoed\n|-activate|p2a: Politoed|move: Protect\n|\n|-weather|RainDance|[upkeep]\n|upkeep\n|turn|4\n|\n|t:|1735743345\n|move|p2b: Incineroar|Fake Out|p1b: Amoonguss\n|-damage|p1b: Amoonguss|92/100\n|move|p2a: Politoed|Encore|p1a: Ursaluna\n|-start|p1a: Ursaluna|Encore\n|move|p1a: Ursaluna|Blood Moon|p2a: Politoed\n|-damage|p2a: Politoed|0 fnt\n|faint|p2a: Politoed\n|-hint|Some effects can force a Pokemon to use Blood Moon again in a row.\n|move|p1b: Amoonguss|Spore|p2b: Incineroar\n|-activate|p2b: Incineroar|item: Safety Goggles|Spore\n|\n|-weather|RainDance|[upkeep]\n|upkeep\n|inactive|jon duan jozo has 30 seconds left.\n|inactive|jon duan jozo has 20 seconds left.\n|inactive|jon duan jozo has 15 seconds left.\n|inactive|jon duan jozo has 10 seconds left.\n|\n|t:|1735743392\n|switch|p2a: Gothitelle|Gothitelle, L50, F|100/100\n|turn|5\n|\n|t:|1735743410\n|move|p2a: Gothitelle|Fake Out|p1b: Amoonguss\n|-crit|p1b: Amoonguss\n|-damage|p1b: Amoonguss|87/100\n|-activate|p1a: Ursaluna|move: Struggle\n|move|p1a: Ursaluna|Struggle|p2a: Gothitelle\n|-damage|p2a: Gothitelle|97/100\n|-damage|p1a: Ursaluna|75/100|[from] recoil\n|move|p2b: Incineroar|Knock Off|p1b: Amoonguss\n|-damage|p1b: Amoonguss|58/100\n|-enditem|p1b: Amoonguss|Covert Cloak|[from] move: Knock Off|[of] p2b: Incineroar\n|move|p1b: Amoonguss|Spore|p2a: Gothitelle\n|-status|p2a: Gothitelle|slp|[from] move: Spore\n|\n|-weather|RainDance|[upkeep]\n|upkeep\n|turn|6\n|inactive|JokerHu has 30 seconds left.\n|inactive|JokerHu has 20 seconds left.\n|inactive|JokerHu has 15 seconds left.\n|inactive|JokerHu has 10 seconds left.\n|inactive|JokerHu has 5 seconds left.\n|\n|t:|1735743465\n|move|p2b: Incineroar|Protect|p2b: Incineroar\n|-singleturn|p2b: Incineroar|Protect\n|cant|p2a: Gothitelle|slp\n|move|p1a: Ursaluna|Blood Moon|p2b: Incineroar\n|-activate|p2b: Incineroar|move: Protect\n|move|p1b: Amoonguss|Spore|p2a: Gothitelle\n|-fail|p2a: Gothitelle|slp\n|\n|-weather|none\n|-end|p1a: Ursaluna|Encore\n|upkeep\n|turn|7\n|inactive|jon duan jozo has 30 seconds left.\n|inactive|jon duan jozo has 20 seconds left.\n|\n|t:|1735743501\n|-curestatus|p2a: Gothitelle|slp|[msg]\n|move|p2a: Gothitelle|Psychic|p1b: Amoonguss\n|-supereffective|p1b: Amoonguss\n|-damage|p1b: Amoonguss|10/100\n|move|p1a: Ursaluna|Earth Power|p2b: Incineroar\n|-supereffective|p2b: Incineroar\n|-damage|p2b: Incineroar|0 fnt\n|faint|p2b: Incineroar\n|move|p1b: Amoonguss|Pollen Puff|p1a: Ursaluna\n|-heal|p1a: Ursaluna|100/100\n|\n|upkeep\n|\n|t:|1735743512\n|switch|p2b: Kingdra|Kingdra, L50, F|91/100 slp\n|turn|8\n|\n|t:|1735743534\n|cant|p2b: Kingdra|slp\n|move|p2a: Gothitelle|Psychic|p1b: Amoonguss\n|-supereffective|p1b: Amoonguss\n|-damage|p1b: Amoonguss|0 fnt\n|faint|p1b: Amoonguss\n|move|p1a: Ursaluna|Hyper Voice|p2a: Gothitelle|[spread] p2a,p2b\n|-damage|p2a: Gothitelle|51/100\n|-damage|p2b: Kingdra|29/100 slp\n|\n|upkeep\n|\n|t:|1735743538\n|switch|p1b: Sneasler|Sneasler, L50, F|100/100\n|turn|9\n|\n|t:|1735743557\n|move|p1b: Sneasler|Fake Out|p2a: Gothitelle\n|-damage|p2a: Gothitelle|40/100\n|-enditem|p2a: Gothitelle|Sitrus Berry|[eat]\n|-heal|p2a: Gothitelle|65/100|[from] item: Sitrus Berry\n|-curestatus|p2b: Kingdra|slp|[msg]\n|move|p2b: Kingdra|Draco Meteor|p1a: Ursaluna\n|-damage|p1a: Ursaluna|41/100\n|-unboost|p2b: Kingdra|spa|2\n|-damage|p2b: Kingdra|20/100|[from] item: Life Orb\n|move|p1a: Ursaluna|Hyper Voice|p2b: Kingdra|[spread] p2a,p2b\n|-damage|p2a: Gothitelle|20/100\n|-damage|p2b: Kingdra|0 fnt\n|faint|p2b: Kingdra\n|cant|p2a: Gothitelle|flinch\n|\n|upkeep\n|turn|10\n|\n|t:|1735743575\n|move|p1b: Sneasler|Throat Chop|p2a: Gothitelle\n|-supereffective|p2a: Gothitelle\n|-damage|p2a: Gothitelle|0 fnt\n|faint|p2a: Gothitelle\n|\n|win|JokerHu\n|raw|JokerHu's rating: 1185 &rarr; <strong>1214</strong><br />(+29 for winning)\n|raw|jon duan jozo's rating: 1240 &rarr; <strong>1211</strong><br />(-29 for losing)\n|l|\u2606JokerHu\n|player|p1|\n",
  "uploadtime": 1735743652,
  "views": 122,
  "formatid": "gen9vgc2024regh",
  "rating": 1211,
  "private": 0,
  "password": null
}