{
  "id": "gen9vgc2024regh-2273228131",
  "format": "[Gen 9] VGC 2024 Reg H",
  "players": [
    "CdeCatalejo",
    "6034956s"
  ],
  "log": "|j|\u2606CdeCatalejo\n|j|\u26066034956s\n|t:|1735752974\n|gametype|doubles\n|player|p1|CdeCatalejo|169|1469\n|player|p2|6034956s|169|1403\n|teamsize|p1|6\n|teamsize|p2|6\n|gen|9\n|tier|[Gen 9] VGC 2024 Reg H\n|rated|\n|rule|Species Clause: Limit one of each Pok\u00e9mon\n|rule|Item Clause: Limit 1 of each item\n|clearpoke\n|poke|p1|Amoonguss, L50, M|\n|poke|p1|Indeedee, L50, M|\n|poke|p1|Annihilape, L50, F|\n|poke|p1|Garchomp, L50, M|\n|poke|p1|Talonflame, L50, M|\n|poke|p1|Galvantula, L50, F|\n|poke|p2|Rillaboom, L50, M|\n|poke|p2|Incineroar, L50, F|\n|poke|p2|Dragapult, L50, F|\n|poke|p2|Murkrow, L50, M|\n|poke|p2|Ursaluna-Bloodmoon, L50, M|\n|poke|p2|Rotom-Wash, L50|\n|teampreview|4\n|\n|t:|1735753020\n|start\n|switch|p1a: Annihilape|Annihilape, L50, F|100/100\n|switch|p1b: Galvantula|Galvantula, L50, F|100/100\n|switch|p2a: Murkrow|Murkrow, L50, M, shiny|100/100\n|switch|p2b: Ursaluna|Ursaluna-Bloodmoon, L50, M|100/100\n|turn|1\n|inactive|Battle timer is ON: inactive players will automatically lose when time's up. (requested by 6034956s)\n|\n|t:|1735753044\n|move|p2b: Ursaluna|Protect|p2b: Ursaluna\n|-singleturn|p2b: Ursaluna|Protect\n|move|p2a: Murkrow|Tailwind|p2a: Murkrow\n|-sidestart|p2: 6034956s|move: Tailwind\n|move|p1b: Galvantula|Thunder|p2a: Murkrow\n|-supereffective|p2a: Murkrow\n|-damage|p2a: Murkrow|6/100\n|move|p1a: Annihilape|Drain Punch|p2b: Ursaluna\n|-activate|p2b: Ursaluna|move: Protect\n|\n|upkeep\n|turn|2\n|\n|t:|1735753065\n|-terastallize|p2b: Ursaluna|Normal\n|move|p2a: Murkrow|Foul Play|p1a: Annihilape\n|-damage|p1a: Annihilape|40/100\n|move|p2b: Ursaluna|Hyper Voice|p1b: Galvantula|[spread] p1a,p1b\n|-damage|p1a: Annihilape|1/100\n|-damage|p1b: Galvantula|0 fnt\n|faint|p1b: Galvantula\n|-damage|p2b: Ursaluna|91/100|[from] item: Life Orb\n|move|p1a: Annihilape|Drain Punch|p2b: Ursaluna\n|-supereffective|p2b: Ursaluna\n|-damage|p2b: Ursaluna|26/100\n|-heal|p1a: Annihilape|35/100|[from] drain|[of] p2b: Ursaluna\n|\n|upkeep\n|inactive|CdeCatalejo has 30 seconds left.\n|\n|t:|1735753099\n|switch|p1b: Indeedee|Indeedee, L50, M|100/100\n|-fieldstart|move: Psychic Terrain|[from] ability: Psychic Surge|[of] p1b: Indeedee\n|turn|3\n|c|\u26066034956s|Sault vest\n|\n|t:|1735753107\n|move|p2a: Murkrow|Foul Play|p1a: Annihilape\n|-damage|p1a: Annihilape|0 fnt\n|faint|p1a: Annihilape\n|move|p2b: Ursaluna|Blood Moon|p1b: Indeedee\n|-enditem|p1b: Indeedee|Focus Sash\n|-damage|p1b: Indeedee|1/100\n|-damage|p2b: Ursaluna|16/100|[from] item: Life Orb\n|move|p1b: Indeedee|Dazzling Gleam|p2b: Ursaluna|[spread] p2a,p2b\n|-supereffective|p2a: Murkrow\n|-damage|p2a: Murkrow|0 fnt\n|-damage|p2b: Ursaluna|0 fnt\n|faint|p2a: Murkrow\n|faint|p2b: Ursaluna\n|\n|upkeep\n|c|\u2606CdeCatalejo|yes\n|\n|t:|1735753123\n|switch|p2a: Rotom|Rotom-Wash, L50, shiny|100/100\n|switch|p1a: Amoonguss|Amoonguss, L50, M|100/100\n|switch|p2b: Dragapult|Dragapult, L50, F, shiny|100/100\n|turn|4\n|c|\u26066034956s|Great bulk bro\n|inactive|6034956s has 30 seconds left.\n|\n|t:|1735753150\n|move|p1b: Indeedee|Protect|p1b: Indeedee\n|-singleturn|p1b: Indeedee|Protect\n|move|p2b: Dragapult|Phantom Force||[still]\n|-prepare|p2b: Dragapult|Phantom Force\n|move|p2a: Rotom|Thunderbolt|p1b: Indeedee\n|-activate|p1b: Indeedee|move: Protect\n|move|p1a: Amoonguss|Spore|p2b: Dragapult|[miss]\n|-miss|p1a: Amoonguss|p2b: Dragapult\n|\n|-sideend|p2: 6034956s|move: Tailwind\n|upkeep\n|turn|5\n|j| Analytics Director\n|\n|t:|1735753172\n|move|p2b: Dragapult|Phantom Force|p1a: Amoonguss|[from]lockedmove\n|-damage|p1a: Amoonguss|50/100\n|-enditem|p1a: Amoonguss|Sitrus Berry|[eat]\n|-heal|p1a: Amoonguss|75/100|[from] item: Sitrus Berry\n|move|p1b: Indeedee|Expanding Force|p2b: Dragapult|[spread] p2a,p2b\n|-damage|p2a: Rotom|40/100\n|-damage|p2b: Dragapult|17/100\n|move|p2a: Rotom|Thunderbolt|p1b: Indeedee\n|-damage|p1b: Indeedee|0 fnt\n|faint|p1b: Indeedee\n|move|p1a: Amoonguss|Spore|p2b: Dragapult\n|-status|p2b: Dragapult|slp|[from] move: Spore\n|\n|upkeep\n|turn|6\n|l| analyticsdirector\n|\n|t:|1735753191\n|move|p2a: Rotom|Protect|p2a: Rotom\n|-singleturn|p2a: Rotom|Protect\n|cant|p2b: Dragapult|slp\n|move|p1a: Amoonguss|Sludge Bomb|p2a: Rotom\n|-activate|p2a: Rotom|move: Protect\n|\n|upkeep\n|turn|7\n|\n|t:|1735753202\n|cant|p2b: Dragapult|slp\n|move|p2a: Rotom|Will-O-Wisp|p1a: Amoonguss\n|-status|p1a: Amoonguss|brn\n|move|p1a: Amoonguss|Sludge Bomb|p2a: Rotom\n|-damage|p2a: Rotom|9/100\n|-status|p2a: Rotom|psn\n|\n|-damage|p2a: Rotom|0 fnt|[from] psn\n|faint|p2a: Rotom\n|-damage|p1a: Amoonguss|69/100 brn|[from] brn\n|-fieldend|move: Psychic Terrain\n|upkeep\n|turn|8\n|\n|t:|1735753218\n|-curestatus|p2b: Dragapult|slp|[msg]\n|move|p2b: Dragapult|Phantom Force||[still]\n|-prepare|p2b: Dragapult|Phantom Force\n|move|p1a: Amoonguss|Sludge Bomb|p2b: Dragapult|[miss]\n|-miss|p1a: Amoonguss|p2b: Dragapult\n|\n|-damage|p1a: Amoonguss|63/100 brn|[from] brn\n|upkeep\n|turn|9\n|\n|t:|1735753227\n|-terastallize|p1a: Amoonguss|Dark\n|move|p2b: Dragapult|Phantom Force|p1a: Amoonguss|[from]lockedmove\n|-resisted|p1a: Amoonguss\n|-damage|p1a: Amoonguss|40/100 brn\n|move|p1a: Amoonguss|Spore|p2b: Dragapult\n|-status|p2b: Dragapult|slp|[from] move: Spore\n|\n|-damage|p1a: Amoonguss|34/100 brn|[from] brn\n|upkeep\n|turn|10\n|c|\u2606CdeCatalejo|gg\n|\n|t:|1735753239\n|cant|p2b: Dragapult|slp\n|move|p1a: Amoonguss|Sludge Bomb|p2b: Dragapult\n|-resisted|p2b: Dragapult\n|-damage|p2b: Dragapult|0 fnt\n|faint|p2b: Dragapult\n|\n|win|CdeCatalejo\n|raw|CdeCatalejo's rating: 1469 &rarr; <strong>1485</strong><br />(+16 for winning)\n|raw|6034956s's rating: 1403 &rarr; <strong>1387</strong><br />(-16 for losing)\n|l|\u26066034956s\n|player|p2|\n|l|\u2606CdeCatalejo\n|player|p1|\n",
  "uploadtime": 1735753593,
  "views": 353,
  "formatid": "gen9vgc2024regh",
  "rating": 1387,
  "private": 0,
  "password": null
}