{
  "id": "gen9vgc2024regh-2273196413",
  "format": "[Gen 9] VGC 2024 Reg H",
  "players": [
    "Jotanewen0714",
    "Shadowknight16"
  ],
  "log": "|j|\u2606Jotanewen0714\n|j|\u2606Shadowknight16\n|t:|1735748488\n|gametype|doubles\n|player|p1|Jotanewen0714|2|1163\n|player|p2|Shadowknight16|102|1220\n|teamsize|p1|6\n|teamsize|p2|6\n|gen|9\n|tier|[Gen 9] VGC 2024 Reg H\n|rated|\n|rule|Species Clause: Limit one of each Pok\u00e9mon\n|rule|Item Clause: Limit 1 of each item\n|clearpoke\n|poke|p1|Typhlosion, L50, F|\n|poke|p1|Gastrodon, L50, M|\n|poke|p1|Tatsugiri, L50, M|\n|poke|p1|Salamence, L50, M|\n|poke|p1|Conkeldurr, L50, F|\n|poke|p1|Sceptile, L50, F|\n|poke|p2|Palafin, L50, F|\n|poke|p2|Cyclizar, L50, M|\n|poke|p2|Incineroar, L50, M|\n|poke|p2|Meowscarada, L50, F|\n|poke|p2|Murkrow, L50, M|\n|poke|p2|Espeon, L50, F|\n|teampreview|4\n|inactive|Battle timer is ON: inactive players will automatically lose when time's up. (requested by Shadowknight16)\n|inactive|Jotanewen0714 has 60 seconds left.\nShadowknight16 rejected open team sheets.\n|\n|t:|1735748537\n|start\n|switch|p1a: Conkeldurr|Conkeldurr, L50, F|100/100\n|switch|p1b: Salamence|Salamence, L50, M|100/100\n|switch|p2a: Incineroar|Incineroar, L50, M|100/100\n|switch|p2b: Murkrow|Murkrow, L50, M|100/100\n|-ability|p1b: Salamence|Intimidate|boost\n|-unboost|p2a: Incineroar|atk|1\n|-unboost|p2b: Murkrow|atk|1\n|-ability|p2a: Incineroar|Intimidate|boost\n|-unboost|p1a: Conkeldurr|atk|1\n|-unboost|p1b: Salamence|atk|1\n|turn|1\n|\n|t:|1735748555\n|move|p2b: Murkrow|Tailwind|p2b: Murkrow\n|-sidestart|p2: Shadowknight16|move: Tailwind\n|move|p2a: Incineroar|Parting Shot|p1a: Conkeldurr\n|-unboost|p1a: Conkeldurr|atk|1\n|-unboost|p1a: Conkeldurr|spa|1\n|\n|t:|1735748563\n|switch|p2a: Espeon|Espeon, L50, F|100/100|[from] Parting Shot\n|move|p1b: Salamence|Tailwind|p1b: Salamence\n|-sidestart|p1: Jotanewen0714|move: Tailwind\n|move|p1a: Conkeldurr|Drain Punch|p2a: Espeon\n|-resisted|p2a: Espeon\n|-damage|p2a: Espeon|78/100\n|\n|-status|p1a: Conkeldurr|brn|[from] item: Flame Orb\n|upkeep\n|turn|2\n|\n|t:|1735748587\n|move|p1a: Conkeldurr|Protect|p1a: Conkeldurr\n|-singleturn|p1a: Conkeldurr|Protect\n|move|p2a: Espeon|Alluring Voice|p1a: Conkeldurr\n|-activate|p1a: Conkeldurr|move: Protect\n|move|p1b: Salamence|Dragon Claw|p2a: Espeon\n|-damage|p2a: Espeon|18/100\n|move|p2b: Murkrow|Foul Play|p1a: Conkeldurr\n|-activate|p1a: Conkeldurr|move: Protect\n|\n|-damage|p1a: Conkeldurr|94/100 brn|[from] brn\n|upkeep\n|turn|3\n|\n|t:|1735748606\n|-terastallize|p1a: Conkeldurr|Dark\n|move|p2a: Espeon|Alluring Voice|p1a: Conkeldurr\n|-supereffective|p1a: Conkeldurr\n|-damage|p1a: Conkeldurr|0 fnt\n|faint|p1a: Conkeldurr\n|move|p1b: Salamence|Dual Wingbeat|p2b: Murkrow\n|-damage|p2b: Murkrow|80/100\n|-damage|p2b: Murkrow|60/100\n|-hitcount|p2b: Murkrow|2\n|move|p2b: Murkrow|Foul Play|p1b: Salamence\n|-damage|p1b: Salamence|54/100\n|\n|-heal|p1b: Salamence|60/100|[from] item: Leftovers\n|upkeep\n|\n|t:|1735748620\n|switch|p1a: Typhlosion|Typhlosion, L50, F|100/100\n|turn|4\n|\n|t:|1735748627\n|move|p2b: Murkrow|Protect|p2b: Murkrow\n|-singleturn|p2b: Murkrow|Protect\n|move|p1b: Salamence|Protect|p1b: Salamence\n|-singleturn|p1b: Salamence|Protect\n|move|p1a: Typhlosion|Eruption|p2a: Espeon|[spread] p2a\n|-activate|p2b: Murkrow|move: Protect\n|-damage|p2a: Espeon|0 fnt\n|faint|p2a: Espeon\n|\n|-heal|p1b: Salamence|66/100|[from] item: Leftovers\n|-sideend|p1: Jotanewen0714|move: Tailwind\n|-sideend|p2: Shadowknight16|move: Tailwind\n|upkeep\n|\n|t:|1735748639\n|switch|p2a: Incineroar|Incineroar, L50, M|100/100\n|-ability|p2a: Incineroar|Intimidate|boost\n|-unboost|p1a: Typhlosion|atk|1\n|-unboost|p1b: Salamence|atk|1\n|turn|5\n|\n|t:|1735748655\n|move|p2b: Murkrow|Tailwind|p2b: Murkrow\n|-sidestart|p2: Shadowknight16|move: Tailwind\n|move|p1a: Typhlosion|Eruption|p2b: Murkrow|[spread] p2a,p2b\n|-resisted|p2a: Incineroar\n|-damage|p2a: Incineroar|80/100\n|-damage|p2b: Murkrow|15/100\n|move|p2a: Incineroar|Knock Off|p1a: Typhlosion\n|-damage|p1a: Typhlosion|51/100\n|-enditem|p1a: Typhlosion|Choice Scarf|[from] move: Knock Off|[of] p2a: Incineroar\n|move|p1b: Salamence|Tailwind|p1b: Salamence\n|-sidestart|p1: Jotanewen0714|move: Tailwind\n|\n|-heal|p1b: Salamence|72/100|[from] item: Leftovers\n|upkeep\n|turn|6\n|inactive|Shadowknight16 has 30 seconds left.\n|\n|t:|1735748684\n|switch|p1a: Sceptile|Sceptile, L50, F|100/100\n|move|p2b: Murkrow|Protect|p2b: Murkrow\n|-singleturn|p2b: Murkrow|Protect\n|move|p1b: Salamence|Dragon Claw|p2b: Murkrow\n|-activate|p2b: Murkrow|move: Protect\n|move|p2a: Incineroar|Will-O-Wisp|p1b: Salamence\n|-status|p1b: Salamence|brn\n|\n|-heal|p1b: Salamence|78/100 brn|[from] item: Leftovers\n|-damage|p1b: Salamence|72/100 brn|[from] brn\n|upkeep\n|turn|7\n|inactive|Jotanewen0714 has 30 seconds left.\n|\n|t:|1735748716\n|switch|p1b: Typhlosion|Typhlosion, L50, F|51/100\n|switch|p2b: Meowscarada|Meowscarada, L50, F|100/100\n|move|p1a: Sceptile|Shed Tail|p1a: Sceptile\n|-start|p1a: Sceptile|Substitute|[from] move: Shed Tail\n|-damage|p1a: Sceptile|50/100\n|\n|t:|1735748724\n|switch|p1a: Salamence|Salamence, L50, M|72/100 brn|[from] Shed Tail\n|-ability|p1a: Salamence|Intimidate|boost\n|-unboost|p2a: Incineroar|atk|1\n|-unboost|p2b: Meowscarada|atk|1\n|move|p2a: Incineroar|Flare Blitz|p1a: Salamence\n|-resisted|p1a: Salamence\n|-activate|p1a: Salamence|move: Substitute|[damage]\n|-damage|p2a: Incineroar|75/100|[from] Recoil|[of] p1a: Salamence\n|\n|-heal|p1a: Salamence|78/100 brn|[from] item: Leftovers\n|-damage|p1a: Salamence|72/100 brn|[from] brn\n|upkeep\n|turn|8\n|inactive|Shadowknight16 has 30 seconds left.\n|\n|t:|1735748756\n|-terastallize|p2b: Meowscarada|Grass\n|move|p2b: Meowscarada|Flower Trick|p1b: Typhlosion\n|-resisted|p1b: Typhlosion\n|-crit|p1b: Typhlosion\n|-damage|p1b: Typhlosion|7/100\n|move|p1a: Salamence|Dragon Claw|p2a: Incineroar\n|-damage|p2a: Incineroar|50/100\n|move|p1b: Typhlosion|Heat Wave|p2b: Meowscarada|[spread] p2a,p2b\n|-resisted|p2a: Incineroar\n|-supereffective|p2b: Meowscarada\n|-crit|p2b: Meowscarada\n|-damage|p2a: Incineroar|37/100\n|-damage|p2b: Meowscarada|0 fnt\n|faint|p2b: Meowscarada\n|move|p2a: Incineroar|Knock Off|p1a: Salamence\n|-end|p1a: Salamence|Substitute\n|\n|-heal|p1a: Salamence|78/100 brn|[from] item: Leftovers\n|-damage|p1a: Salamence|72/100 brn|[from] brn\n|-sideend|p2: Shadowknight16|move: Tailwind\n|-sideend|p1: Jotanewen0714|move: Tailwind\n|upkeep\n|\n|t:|1735748773\n|switch|p2b: Murkrow|Murkrow, L50, M|15/100\n|turn|9\n|\n|t:|1735748782\n|move|p2b: Murkrow|Tailwind|p2b: Murkrow\n|-sidestart|p2: Shadowknight16|move: Tailwind\n|move|p2a: Incineroar|Knock Off|p1b: Typhlosion\n|-damage|p1b: Typhlosion|0 fnt\n|faint|p1b: Typhlosion\n|move|p1a: Salamence|Tailwind|p1a: Salamence\n|-sidestart|p1: Jotanewen0714|move: Tailwind\n|\n|-heal|p1a: Salamence|78/100 brn|[from] item: Leftovers\n|-damage|p1a: Salamence|72/100 brn|[from] brn\n|upkeep\n|\n|t:|1735748792\n|switch|p1b: Sceptile|Sceptile, L50, F|50/100\n|turn|10\n|\n|t:|1735748800\n|move|p2b: Murkrow|Protect|p2b: Murkrow\n|-singleturn|p2b: Murkrow|Protect\n|move|p1b: Sceptile|Tera Blast|p2a: Incineroar\n|-damage|p2a: Incineroar|18/100\n|move|p1a: Salamence|Dragon Claw|p2a: Incineroar\n|-damage|p2a: Incineroar|0 fnt\n|faint|p2a: Incineroar\n|\n|-heal|p1a: Salamence|78/100 brn|[from] item: Leftovers\n|-damage|p1a: Salamence|72/100 brn|[from] brn\n|upkeep\n|turn|11\n|-message|Shadowknight16 forfeited.\n|\n|win|Jotanewen0714\n|raw|Jotanewen0714's rating: 1163 &rarr; <strong>1192</strong><br />(+29 for winning)\n|raw|Shadowknight16's rating: 1220 &rarr; <strong>1191</strong><br />(-29 for losing)\n|l|\u2606Shadowknight16\n|player|p2|\n|l|\u2606Jotanewen0714\n|player|p1|\n",
  "uploadtime": 1735749166,
  "views": 124,
  "formatid": "gen9vgc2024regh",
  "rating": 1191,
  "private": 0,
  "password": null
}