{
  "id": "gen9vgc2024regh-2273133470",
  "format": "[Gen 9] VGC 2024 Reg H",
  "players": [
    "korine129",
    "Kinggallo"
  ],
  "log": "|j|\u2606korine129\n|j|\u2606Kinggallo\n|t:|1735737671\n|gametype|doubles\n|player|p1|korine129|1|1176\n|player|p2|Kinggallo|silver|1191\n|teamsize|p1|6\n|teamsize|p2|6\n|gen|9\n|tier|[Gen 9] VGC 2024 Reg H\n|rated|\n|rule|Species Clause: Limit one of each Pok\u00e9mon\n|rule|Item Clause: Limit 1 of each item\n|clearpoke\n|poke|p1|Ursaluna-Bloodmoon, L50, M|\n|poke|p1|Porygon2, L50|\n|poke|p1|Amoonguss, L50, F|\n|poke|p1|Incineroar, L50, M|\n|poke|p1|Dragapult, L50, M|\n|poke|p1|Sneasler, L50, F|\n|poke|p2|Gliscor, L50, F|\n|poke|p2|Feraligatr, L50, F|\n|poke|p2|Ariados, L50, F|\n|poke|p2|Ampharos, L50, F|\n|poke|p2|Ambipom, L50, M|\n|poke|p2|Tyranitar, L50, M|\n|teampreview|4\n|\n|t:|1735737696\n|start\n|switch|p1a: Porygon2|Porygon2, L50|100/100\n|switch|p1b: Ursaluna|Ursaluna-Bloodmoon, L50, M|100/100\n|switch|p2a: Ampharos|Ampharos, L50, F|100/100\n|switch|p2b: Ambipom|Ambipom, L50, M|100/100\n|-ability|p1a: Porygon2|Technician|[from] ability: Trace|[of] p2b: Ambipom\n|turn|1\n|\n|t:|1735737713\n|move|p2b: Ambipom|Fake Out|p1a: Porygon2\n|-damage|p1a: Porygon2|86/100\n|move|p2a: Ampharos|Light Screen|p2a: Ampharos\n|-sidestart|p2: Kinggallo|move: Light Screen\n|move|p1b: Ursaluna|Earth Power|p2a: Ampharos\n|-supereffective|p2a: Ampharos\n|-damage|p2a: Ampharos|35/100\n|cant|p1a: Porygon2|flinch\n|\n|upkeep\n|turn|2\n|\n|t:|1735737726\n|-terastallize|p1b: Ursaluna|Normal\n|move|p2b: Ambipom|Knock Off|p1a: Porygon2\n|-damage|p1a: Porygon2|69/100\n|-enditem|p1a: Porygon2|Eviolite|[from] move: Knock Off|[of] p2b: Ambipom\n|move|p2a: Ampharos|Volt Switch|p1a: Porygon2\n|-damage|p1a: Porygon2|35/100\n|\n|t:|1735737737\n|switch|p2a: Ariados|Ariados, L50, F|100/100|[from] Volt Switch\n|move|p1b: Ursaluna|Hyper Voice|p2b: Ambipom|[spread] p2a,p2b\n|-damage|p2a: Ariados|38/100\n|-damage|p2b: Ambipom|42/100\n|move|p1a: Porygon2|Trick Room|p1a: Porygon2\n|-fieldstart|move: Trick Room|[of] p1a: Porygon2\n|\n|upkeep\n|turn|3\n|\n|t:|1735737758\n|move|p1b: Ursaluna|Hyper Voice|p2a: Ariados|[spread] p2a,p2b\n|-damage|p2a: Ariados|0 fnt\n|-damage|p2b: Ambipom|0 fnt\n|faint|p2a: Ariados\n|faint|p2b: Ambipom\n|move|p1a: Porygon2|Recover|p1a: Porygon2\n|-heal|p1a: Porygon2|85/100\n|\n|upkeep\n|\n|t:|1735737762\n|switch|p2a: Feraligatr|Feraligatr, L50, F|100/100\n|switch|p2b: Ampharos|Ampharos, L50, F|35/100\n|turn|4\n|\n|t:|1735737775\n|move|p1b: Ursaluna|Hyper Voice|p2a: Feraligatr|[spread] p2a,p2b\n|-damage|p2a: Feraligatr|54/100\n|-damage|p2b: Ampharos|3/100\n|move|p2b: Ampharos|Volt Switch|p1b: Ursaluna\n|-damage|p1b: Ursaluna|77/100\n|move|p1a: Porygon2|Thunderbolt|p2a: Feraligatr\n|-supereffective|p2a: Feraligatr\n|-damage|p2a: Feraligatr|19/100\n|move|p2a: Feraligatr|Liquidation|p1b: Ursaluna\n|-damage|p1b: Ursaluna|22/100\n|\n|upkeep\n|turn|5\n|-message|Kinggallo forfeited.\n|\n|win|korine129\n|raw|korine129's rating: 1176 &rarr; <strong>1202</strong><br />(+26 for winning)\n|raw|Kinggallo's rating: 1191 &rarr; <strong>1165</strong><br />(-26 for losing)\n|l|\u2606Kinggallo\n|player|p2|\n|l|\u2606korine129\n|player|p1|\n",
  "uploadtime": 1735738090,
  "views": 32,
  "formatid": "gen9vgc2024regh",
  "rating": 1165,
  "private": 0,
  "password": null
}