{
  "id": "gen9vgc2024regh-2273192346",
  "format": "[Gen 9] VGC 2024 Reg H",
  "players": [
    "exvalia",
    "sdfgsg"
  ],
  "log": "|j|\u2606exvalia\n|j|\u2606sdfgsg\n|t:|1735747877\n|gametype|doubles\n|player|p1|exvalia|170|1061\n|player|p2|sdfgsg|iris|1121\n|teamsize|p1|6\n|teamsize|p2|6\n|gen|9\n|tier|[Gen 9] VGC 2024 Reg H\n|rated|\n|rule|Species Clause: Limit one of each Pok\u00e9mon\n|rule|Item Clause: Limit 1 of each item\n|clearpoke\n|poke|p1|Bisharp, L50, F|\n|poke|p1|Electivire, L50, M|\n|poke|p1|Pachirisu, L50, M|\n|poke|p1|Hydreigon, L50, F|\n|poke|p1|Talonflame, L50, M|\n|poke|p1|Amoonguss, L50, F|\n|poke|p2|Noivern, L50, M|\n|poke|p2|Araquanid, L50, M|\n|poke|p2|Shiftry, L50, F|\n|poke|p2|Clefairy, L50, F|\n|poke|p2|Porygon-Z, L50|\n|poke|p2|Kingambit, L50, F|\n|teampreview|4\n|\n|t:|1735747900\n|start\n|switch|p1a: Pachirisu|Pachirisu, L50, M|100/100\n|switch|p1b: Electivire|Electivire, L50, M|100/100\n|switch|p2a: Noivern|Noivern, L50, M|100/100\n|switch|p2b: Shiftry|Shiftry, L50, F|100/100\n|turn|1\n|\n|t:|1735747931\n|switch|p1b: Bisharp|Bisharp, L50, F|100/100\n|move|p2b: Shiftry|Fake Out|p1a: Pachirisu\n|-damage|p1a: Pachirisu|77/100\n|-damage|p2b: Shiftry|91/100|[from] item: Life Orb\n|move|p2a: Noivern|Tailwind|p2a: Noivern\n|-sidestart|p2: sdfgsg|move: Tailwind\n|-ability|p2b: Shiftry|Wind Rider|boost\n|-boost|p2b: Shiftry|atk|1\n|cant|p1a: Pachirisu|flinch\n|\n|upkeep\n|turn|2\n|\n|t:|1735747964\n|-terastallize|p2b: Shiftry|Fire\n|move|p2a: Noivern|Hyper Voice|p1a: Pachirisu|[spread] p1a,p1b\n|-resisted|p1b: Bisharp\n|-damage|p1a: Pachirisu|56/100\n|-damage|p1b: Bisharp|94/100\n|-enditem|p2a: Noivern|Throat Spray\n|-boost|p2a: Noivern|spa|1|[from] item: Throat Spray\n|move|p2b: Shiftry|Swords Dance|p2b: Shiftry\n|-boost|p2b: Shiftry|atk|2\n|move|p1a: Pachirisu|Nuzzle|p2b: Shiftry\n|-damage|p2b: Shiftry|85/100\n|-status|p2b: Shiftry|par\n|move|p1b: Bisharp|Stealth Rock|p2a: Noivern\n|-sidestart|p2: sdfgsg|move: Stealth Rock\n|\n|upkeep\n|turn|3\n|\n|t:|1735747990\n|move|p1a: Pachirisu|Follow Me|p1a: Pachirisu\n|-singleturn|p1a: Pachirisu|move: Follow Me\n|move|p1b: Bisharp|Sucker Punch|p2a: Noivern\n|-damage|p2a: Noivern|61/100\n|move|p2a: Noivern|Hyper Voice|p1b: Bisharp|[spread] p1a,p1b\n|-resisted|p1b: Bisharp\n|-damage|p1a: Pachirisu|23/100\n|-damage|p1b: Bisharp|83/100\n|-enditem|p1a: Pachirisu|Iapapa Berry|[eat]\n|-heal|p1a: Pachirisu|56/100|[from] item: Iapapa Berry\n|cant|p2b: Shiftry|par\n|\n|upkeep\n|turn|4\n|\n|t:|1735748011\n|move|p1b: Bisharp|Sucker Punch|p2b: Shiftry\n|-damage|p2b: Shiftry|40/100 par\n|move|p2a: Noivern|Hyper Voice|p1a: Pachirisu|[spread] p1a,p1b\n|-resisted|p1b: Bisharp\n|-damage|p1a: Pachirisu|24/100\n|-damage|p1b: Bisharp|72/100\n|move|p1a: Pachirisu|Nuzzle|p2a: Noivern\n|-damage|p2a: Noivern|55/100\n|-status|p2a: Noivern|par\n|move|p2b: Shiftry|Leaf Blade|p1b: Bisharp\n|-resisted|p1b: Bisharp\n|-damage|p1b: Bisharp|23/100\n|-damage|p2b: Shiftry|30/100 par|[from] item: Life Orb\n|\n|-sideend|p2: sdfgsg|move: Tailwind\n|upkeep\n|turn|5\n|\n|t:|1735748036\n|switch|p2b: Clefairy|Clefairy, L50, F|100/100\n|-damage|p2b: Clefairy|88/100|[from] Stealth Rock\n|move|p1b: Bisharp|Sucker Punch||[still]\n|-fail|p1b: Bisharp\n|move|p1a: Pachirisu|U-turn|p2b: Clefairy\n|-resisted|p2b: Clefairy\n|-damage|p2b: Clefairy|84/100\n|\n|t:|1735748044\n|switch|p1a: Amoonguss|Amoonguss, L50, F|100/100|[from] U-turn\n|move|p2a: Noivern|Tailwind|p2a: Noivern\n|-sidestart|p2: sdfgsg|move: Tailwind\n|\n|upkeep\n|turn|6\n|\n|t:|1735748062\n|-terastallize|p1a: Amoonguss|Dark\n|move|p2b: Clefairy|Follow Me|p2b: Clefairy\n|-singleturn|p2b: Clefairy|move: Follow Me\n|move|p1b: Bisharp|Sucker Punch||[still]\n|-fail|p1b: Bisharp\n|move|p2a: Noivern|Draco Meteor|p1a: Amoonguss\n|-damage|p1a: Amoonguss|47/100\n|-unboost|p2a: Noivern|spa|2\n|move|p1a: Amoonguss|Pollen Puff|p2b: Clefairy\n|-resisted|p2b: Clefairy\n|-damage|p2b: Clefairy|78/100\n|\n|-heal|p1a: Amoonguss|53/100|[from] item: Leftovers\n|upkeep\n|turn|7\n|\n|t:|1735748081\n|switch|p2a: Porygon-Z|Porygon-Z, L50|100/100\n|-damage|p2a: Porygon-Z|88/100|[from] Stealth Rock\n|move|p1a: Amoonguss|Protect|p1a: Amoonguss\n|-singleturn|p1a: Amoonguss|Protect\n|move|p2b: Clefairy|Follow Me|p2b: Clefairy\n|-singleturn|p2b: Clefairy|move: Follow Me\n|move|p1b: Bisharp|Iron Head|p2b: Clefairy\n|-supereffective|p2b: Clefairy\n|-damage|p2b: Clefairy|0 fnt\n|faint|p2b: Clefairy\n|\n|-heal|p1a: Amoonguss|59/100|[from] item: Leftovers\n|upkeep\n|\n|t:|1735748086\n|switch|p2b: Noivern|Noivern, L50, M|55/100 par\n|-damage|p2b: Noivern|30/100 par|[from] Stealth Rock\n|turn|8\n|\n|t:|1735748103\n|move|p1b: Bisharp|Sucker Punch|p2a: Porygon-Z\n|-damage|p2a: Porygon-Z|50/100\n|move|p2a: Porygon-Z|Blizzard|p1b: Bisharp|[spread] p1a,p1b\n|-resisted|p1b: Bisharp\n|-damage|p1a: Amoonguss|26/100\n|-damage|p1b: Bisharp|5/100\n|move|p2b: Noivern|Hyper Voice|p1a: Amoonguss|[spread] p1a,p1b\n|-resisted|p1b: Bisharp\n|-damage|p1a: Amoonguss|12/100\n|-damage|p1b: Bisharp|0 fnt\n|faint|p1b: Bisharp\n|move|p1a: Amoonguss|Pollen Puff|p1: Bisharp|[notarget]\n|-fail|p1a: Amoonguss\n|\n|-heal|p1a: Amoonguss|18/100|[from] item: Leftovers\n|-sideend|p2: sdfgsg|move: Tailwind\n|upkeep\n|\n|t:|1735748118\n|switch|p1b: Electivire|Electivire, L50, M|100/100\n|turn|9\n|\n|t:|1735748132\n|switch|p2a: Shiftry|Shiftry, L50, F, tera:Fire|30/100 par\n|-damage|p2a: Shiftry|5/100 par|[from] Stealth Rock\n|move|p1a: Amoonguss|Protect|p1a: Amoonguss\n|-singleturn|p1a: Amoonguss|Protect\n|move|p1b: Electivire|Knock Off|p2a: Shiftry\n|-damage|p2a: Shiftry|0 fnt\n|-enditem|p2a: Shiftry|Life Orb|[from] move: Knock Off|[of] p1b: Electivire\n|faint|p2a: Shiftry\n|move|p2b: Noivern|Tailwind|p2b: Noivern\n|-sidestart|p2: sdfgsg|move: Tailwind\n|\n|-heal|p1a: Amoonguss|24/100|[from] item: Leftovers\n|upkeep\n|\n|t:|1735748157\n|switch|p2a: Porygon-Z|Porygon-Z, L50|50/100\n|-damage|p2a: Porygon-Z|37/100|[from] Stealth Rock\n|turn|10\n|\n|t:|1735748176\n|switch|p1a: Pachirisu|Pachirisu, L50, M|24/100\n|move|p2a: Porygon-Z|Hyper Beam|p1b: Electivire\n|-damage|p1b: Electivire|0 fnt\n|-mustrecharge|p2a: Porygon-Z\n|faint|p1b: Electivire\n|move|p2b: Noivern|Draco Meteor|p1a: Pachirisu\n|-damage|p1a: Pachirisu|0 fnt\n|-unboost|p2b: Noivern|spa|2\n|faint|p1a: Pachirisu\n|\n|upkeep\n|\n|t:|1735748189\n|switch|p1a: Amoonguss|Amoonguss, L50, F, tera:Dark|57/100\n|turn|11\n|\n|t:|1735748195\n|cant|p2a: Porygon-Z|recharge\n|move|p2b: Noivern|Hyper Voice|p1a: Amoonguss\n|-damage|p1a: Amoonguss|47/100\n|move|p1a: Amoonguss|Spore|p2a: Porygon-Z\n|-status|p2a: Porygon-Z|slp|[from] move: Spore\n|\n|-heal|p1a: Amoonguss|53/100|[from] item: Leftovers\n|upkeep\n|turn|12\n|\n|t:|1735748206\n|cant|p2a: Porygon-Z|slp\n|move|p2b: Noivern|Air Slash|p1a: Amoonguss\n|-damage|p1a: Amoonguss|42/100\n|move|p1a: Amoonguss|Pollen Puff|p2a: Porygon-Z\n|-damage|p2a: Porygon-Z|15/100 slp\n|\n|-heal|p1a: Amoonguss|48/100|[from] item: Leftovers\n|-sideend|p2: sdfgsg|move: Tailwind\n|upkeep\n|turn|13\n|\n|t:|1735748216\n|cant|p2a: Porygon-Z|slp\n|move|p2b: Noivern|Air Slash|p1a: Amoonguss|[miss]\n|-miss|p2b: Noivern|p1a: Amoonguss\n|move|p1a: Amoonguss|Pollen Puff|p2a: Porygon-Z\n|-damage|p2a: Porygon-Z|0 fnt\n|faint|p2a: Porygon-Z\n|\n|-heal|p1a: Amoonguss|54/100|[from] item: Leftovers\n|upkeep\n|turn|14\n|\n|t:|1735748226\n|move|p1a: Amoonguss|Protect|p1a: Amoonguss\n|-singleturn|p1a: Amoonguss|Protect\n|move|p2b: Noivern|Air Slash|p1a: Amoonguss\n|-activate|p1a: Amoonguss|move: Protect\n|\n|-heal|p1a: Amoonguss|60/100|[from] item: Leftovers\n|upkeep\n|turn|15\n|\n|t:|1735748237\n|cant|p2b: Noivern|par\n|move|p1a: Amoonguss|Pollen Puff|p2b: Noivern\n|-resisted|p2b: Noivern\n|-damage|p2b: Noivern|19/100 par\n|\n|-heal|p1a: Amoonguss|66/100|[from] item: Leftovers\n|upkeep\n|turn|16\n|\n|t:|1735748244\n|move|p1a: Amoonguss|Protect|p1a: Amoonguss\n|-singleturn|p1a: Amoonguss|Protect\n|move|p2b: Noivern|Air Slash|p1a: Amoonguss\n|-activate|p1a: Amoonguss|move: Protect\n|\n|-heal|p1a: Amoonguss|72/100|[from] item: Leftovers\n|upkeep\n|turn|17\n|\n|t:|1735748255\n|move|p2b: Noivern|Air Slash|p1a: Amoonguss\n|-damage|p1a: Amoonguss|62/100\n|cant|p1a: Amoonguss|flinch\n|\n|-heal|p1a: Amoonguss|67/100|[from] item: Leftovers\n|upkeep\n|turn|18\n|\n|t:|1735748261\n|move|p1a: Amoonguss|Protect|p1a: Amoonguss\n|-singleturn|p1a: Amoonguss|Protect\n|move|p2b: Noivern|Draco Meteor|p1a: Amoonguss\n|-activate|p1a: Amoonguss|move: Protect\n|\n|-heal|p1a: Amoonguss|73/100|[from] item: Leftovers\n|upkeep\n|turn|19\n|\n|t:|1735748268\n|move|p2b: Noivern|Draco Meteor|p1a: Amoonguss\n|-damage|p1a: Amoonguss|53/100\n|-unboost|p2b: Noivern|spa|2\n|move|p1a: Amoonguss|Pollen Puff|p2b: Noivern\n|-resisted|p2b: Noivern\n|-damage|p2b: Noivern|7/100 par\n|\n|-heal|p1a: Amoonguss|58/100|[from] item: Leftovers\n|upkeep\n|turn|20\n|\n|t:|1735748284\n|move|p1a: Amoonguss|Protect|p1a: Amoonguss\n|-singleturn|p1a: Amoonguss|Protect\n|move|p2b: Noivern|Draco Meteor|p1a: Amoonguss\n|-activate|p1a: Amoonguss|move: Protect\n|\n|-heal|p1a: Amoonguss|64/100|[from] item: Leftovers\n|upkeep\n|turn|21\n|\n|t:|1735748292\n|move|p2b: Noivern|Draco Meteor|p1a: Amoonguss\n|-damage|p1a: Amoonguss|52/100\n|-unboost|p2b: Noivern|spa|2\n|move|p1a: Amoonguss|Pollen Puff|p2b: Noivern\n|-resisted|p2b: Noivern\n|-damage|p2b: Noivern|0 fnt\n|faint|p2b: Noivern\n|\n|win|exvalia\n|raw|exvalia's rating: 1061 &rarr; <strong>1095</strong><br />(+34 for winning)\n|raw|sdfgsg's rating: 1099 &rarr; <strong>1071</strong><br />(-28 for losing)\n|c|\u2606exvalia|gg\n|l|\u2606exvalia\n|player|p1|\n|c|\u2606sdfgsg|gg\n|l|\u2606sdfgsg\n|player|p2|\n",
  "uploadtime": 1735748612,
  "views": 130,
  "formatid": "gen9vgc2024regh",
  "rating": 1071,
  "private": 0,
  "password": null
}