{
  "id": "gen9vgc2024regh-2273218468",
  "format": "[Gen 9] VGC 2024 Reg H",
  "players": [
    "pocketzpaz",
    "ishmish"
  ],
  "log": "|j|\u2606pocketzpaz\n|j|\u2606ishmish\n|t:|1735751621\n|gametype|doubles\n|player|p1|pocketzpaz|hilda-wonderlauncher|1028\n|player|p2|ishmish|266|1080\n|teamsize|p1|6\n|teamsize|p2|6\n|gen|9\n|tier|[Gen 9] VGC 2024 Reg H\n|rated|\n|rule|Species Clause: Limit one of each Pok\u00e9mon\n|rule|Item Clause: Limit 1 of each item\n|clearpoke\n|poke|p1|Lilligant-Hisui, L50, F|\n|poke|p1|Yanmega, L50, M|\n|poke|p1|Flapple, L50, M|\n|poke|p1|Ninetales-Alola, L50, F|\n|poke|p1|Sableye, L50, M|\n|poke|p1|Gengar, L50, M|\n|poke|p2|Decidueye-Hisui, L50, F|\n|poke|p2|Grimmsnarl, L50, M|\n|poke|p2|Drifblim, L50, M|\n|poke|p2|Indeedee, L50, M|\n|poke|p2|Armarouge, L50, M|\n|poke|p2|Kleavor, L50, M|\n|teampreview|4\n|\n|t:|1735751649\n|start\n|switch|p1a: BedBuge?|Yanmega, L50, M, shiny|100/100\n|switch|p1b: LilFreaker|Sableye, L50, M|100/100\n|switch|p2a: Indeedee|Indeedee, L50, M|100/100\n|switch|p2b: Armarouge|Armarouge, L50, M|100/100\n|-fieldstart|move: Psychic Terrain|[from] ability: Psychic Surge|[of] p2a: Indeedee\n|turn|1\n|\n|t:|1735751678\n|-terastallize|p2b: Armarouge|Steel\n|move|p1a: BedBuge?|Protect|p1a: BedBuge?\n|-singleturn|p1a: BedBuge?|Protect\n|move|p2a: Indeedee|Protect|p2a: Indeedee\n|-singleturn|p2a: Indeedee|Protect\n|move|p1b: LilFreaker|Gravity|p1b: LilFreaker\n|-fieldstart|move: Gravity\n|move|p2b: Armarouge|Meteor Beam||[still]\n|-prepare|p2b: Armarouge|Meteor Beam\n|-boost|p2b: Armarouge|spa|1\n|-enditem|p2b: Armarouge|Power Herb\n|-anim|p2b: Armarouge|Meteor Beam|p1a: BedBuge?\n|-activate|p1a: BedBuge?|move: Protect\n|\n|-ability|p1a: BedBuge?|Speed Boost|boost\n|-boost|p1a: BedBuge?|spe|1\n|upkeep\n|turn|2\n|\n|t:|1735751700\n|move|p1a: BedBuge?|Hypnosis|p2b: Armarouge\n|-status|p2b: Armarouge|slp|[from] move: Hypnosis\n|move|p2a: Indeedee|Dazzling Gleam|p1a: BedBuge?|[spread] p1a,p1b\n|-supereffective|p1b: LilFreaker\n|-damage|p1a: BedBuge?|76/100\n|-damage|p1b: LilFreaker|58/100\n|-enditem|p1b: LilFreaker|Eject Button\n|\n|t:|1735751714\n|switch|p1b: LeanDog|Ninetales-Alola, L50, F, shiny|100/100\n|-weather|Snow|[from] ability: Snow Warning|[of] p1b: LeanDog\n|cant|p2b: Armarouge|slp\n|\n|-weather|Snow|[upkeep]\n|-ability|p1a: BedBuge?|Speed Boost|boost\n|-boost|p1a: BedBuge?|spe|1\n|upkeep\n|turn|3\n|c|\u2606ishmish|this is stupid\n|c|\u2606ishmish|I'm out\n|\n|t:|1735751753\n|-terastallize|p1b: LeanDog|Ghost\n|move|p2a: Indeedee|Protect|p2a: Indeedee\n|-singleturn|p2a: Indeedee|Protect\n|move|p1a: BedBuge?|Tailwind|p1a: BedBuge?\n|-sidestart|p1: pocketzpaz|move: Tailwind\n|move|p1b: LeanDog|Hex|p2b: Armarouge\n|-damage|p2b: Armarouge|47/100 slp\n|cant|p2b: Armarouge|slp\n|\n|-weather|Snow|[upkeep]\n|-ability|p1a: BedBuge?|Speed Boost|boost\n|-boost|p1a: BedBuge?|spe|1\n|upkeep\n|turn|4\n|\n|t:|1735751775\n|move|p1a: BedBuge?|Hypnosis|p2a: Indeedee\n|-status|p2a: Indeedee|slp|[from] move: Hypnosis\n|move|p1b: LeanDog|Hex|p2b: Armarouge\n|-damage|p2b: Armarouge|0 fnt\n|faint|p2b: Armarouge\n|cant|p2a: Indeedee|slp\n|\n|-weather|Snow|[upkeep]\n|-ability|p1a: BedBuge?|Speed Boost|boost\n|-boost|p1a: BedBuge?|spe|1\n|upkeep\n|\n|t:|1735751784\n|switch|p2b: Kleavor|Kleavor, L50, M|100/100\n|turn|5\n|\n|t:|1735751806\n|move|p1a: BedBuge?|Hypnosis|p2b: Kleavor\n|-status|p2b: Kleavor|slp|[from] move: Hypnosis\n|move|p1b: LeanDog|Blizzard|p2b: Kleavor|[spread] p2a,p2b\n|-damage|p2a: Indeedee|60/100 slp\n|-damage|p2b: Kleavor|56/100 slp\n|cant|p2b: Kleavor|slp\n|-curestatus|p2a: Indeedee|slp|[msg]\n|move|p2a: Indeedee|Expanding Force|p1a: BedBuge?|[spread] p1a,p1b\n|-damage|p1a: BedBuge?|8/100\n|-damage|p1b: LeanDog|48/100\n|\n|-weather|Snow|[upkeep]\n|-fieldend|move: Gravity\n|-fieldend|move: Psychic Terrain\n|-ability|p1a: BedBuge?|Speed Boost|boost\n|-boost|p1a: BedBuge?|spe|1\n|upkeep\n|turn|6\n|\n|t:|1735751827\n|move|p1a: BedBuge?|U-turn|p2a: Indeedee\n|-supereffective|p2a: Indeedee\n|-crit|p2a: Indeedee\n|-damage|p2a: Indeedee|0 fnt\n|faint|p2a: Indeedee\n|\n|t:|1735751833\n|switch|p1a: LilFreaker|Sableye, L50, M|58/100|[from] U-turn\n|move|p1b: LeanDog|Blizzard|p2b: Kleavor\n|-damage|p2b: Kleavor|3/100 slp\n|-curestatus|p2b: Kleavor|slp|[msg]\n|move|p2b: Kleavor|Trailblaze|p1a: LilFreaker\n|-damage|p1a: LilFreaker|41/100\n|-boost|p2b: Kleavor|spe|1\n|\n|-weather|none\n|-sideend|p1: pocketzpaz|move: Tailwind\n|upkeep\n|\n|t:|1735751844\n|switch|p2a: Drifblim|Drifblim, L50, M|100/100\n|turn|7\n|\n|t:|1735751876\n|move|p1a: LilFreaker|Gravity|p1a: LilFreaker\n|-fieldstart|move: Gravity\n|move|p2b: Kleavor|Stone Axe|p1a: LilFreaker\n|-damage|p1a: LilFreaker|0 fnt\n|-sidestart|p1: pocketzpaz|move: Stealth Rock\n|faint|p1a: LilFreaker\n|move|p1b: LeanDog|Blizzard|p2a: Drifblim|[spread] p2a,p2b\n|-supereffective|p2a: Drifblim\n|-damage|p2a: Drifblim|17/100\n|-damage|p2b: Kleavor|0 fnt\n|faint|p2b: Kleavor\n|move|p2a: Drifblim|Air Slash|p1b: LeanDog\n|-crit|p1b: LeanDog\n|-damage|p1b: LeanDog|0 fnt\n|faint|p1b: LeanDog\n|\n|-status|p2a: Drifblim|brn|[from] item: Flame Orb\n|upkeep\n|\n|t:|1735751892\n|switch|p1b: Gamblecore|Flapple, L50, M, shiny|100/100\n|switch|p1a: BedBuge?|Yanmega, L50, M, shiny|8/100\n|-damage|p1a: BedBuge?|0 fnt|[from] Stealth Rock\n|faint|p1a: BedBuge?\n|-damage|p1b: Gamblecore|88/100|[from] Stealth Rock\n|turn|8\n|\n|t:|1735751905\n|move|p1b: Gamblecore|Sucker Punch|p2a: Drifblim\n|-supereffective|p2a: Drifblim\n|-damage|p2a: Drifblim|0 fnt\n|faint|p2a: Drifblim\n|-damage|p1b: Gamblecore|78/100|[from] item: Life Orb\n|\n|win|pocketzpaz\n|raw|pocketzpaz's rating: 1028 &rarr; <strong>1069</strong><br />(+41 for winning)\n|raw|ishmish's rating: 1080 &rarr; <strong>1055</strong><br />(-25 for losing)\n",
  "uploadtime": 1735751912,
  "views": 346,
  "formatid": "gen9vgc2024regh",
  "rating": 1055,
  "private": 0,
  "password": null
}