{
  "id": "gen9vgc2024regh-2273130365",
  "format": "[Gen 9] VGC 2024 Reg H",
  "players": [
    "jcfuj bad dt",
    "fivionxito"
  ],
  "log": "|j|\u2606jcfuj bad dt\n|j|\u2606fivionxito\n|t:|1735737003\n|gametype|doubles\n|player|p1|jcfuj bad dt|skier|1110\n|player|p2|fivionxito|hilbert|1072\n|teamsize|p1|6\n|teamsize|p2|6\n|gen|9\n|tier|[Gen 9] VGC 2024 Reg H\n|rated|\n|rule|Species Clause: Limit one of each Pok\u00e9mon\n|rule|Item Clause: Limit 1 of each item\n|clearpoke\n|poke|p1|Porygon2, L50|\n|poke|p1|Sneasler, L50, M|\n|poke|p1|Gholdengo, L50|\n|poke|p1|Amoonguss, L50, F|\n|poke|p1|Garchomp, L50, F|\n|poke|p1|Incineroar, L50, M|\n|poke|p2|Veluza, L50, F|\n|poke|p2|Ceruledge, L50, F|\n|poke|p2|Serperior, L50, F|\n|poke|p2|Klefki, L50, F|\n|poke|p2|Dachsbun, L50, M|\n|poke|p2|Espathra, L50, M|\n|teampreview|4\n|\n|t:|1735737040\n|start\n|switch|p1a: Porygon2|Porygon2, L50|100/100\n|switch|p1b: Sneasler|Sneasler, L50, M|100/100\n|switch|p2a: Veluza|Veluza, L50, F, shiny|100/100\n|switch|p2b: Klefki|Klefki, L50, F, shiny|100/100\n|-ability|p2a: Veluza|Mold Breaker\n|-ability|p1a: Porygon2|Download|boost\n|-boost|p1a: Porygon2|spa|1\n|turn|1\n|\n|t:|1735737063\n|-terastallize|p2a: Veluza|Ghost\n|move|p2b: Klefki|Reflect|p2b: Klefki\n|-sidestart|p2: fivionxito|Reflect\n|move|p2a: Veluza|Final Gambit|p1a: Porygon2\n|-damage|p1a: Porygon2|0 fnt\n|faint|p2a: Veluza\n|faint|p1a: Porygon2\n|move|p1b: Sneasler|Dire Claw|p2b: Klefki\n|-immune|p2b: Klefki\n|\n|upkeep\n|\n|t:|1735737076\n|switch|p2a: Espathra|Espathra, L50, M, shiny|100/100\n|switch|p1a: Garchomp|Garchomp, L50, F|100/100\n|turn|2\n|\n|t:|1735737102\n|-terastallize|p1b: Sneasler|Flying\n|move|p2a: Espathra|Protect|p2a: Espathra\n|-singleturn|p2a: Espathra|Protect\n|move|p2b: Klefki|Thunder Wave|p1b: Sneasler\n|-status|p1b: Sneasler|par\n|move|p1a: Garchomp|Earthquake|p2b: Klefki|[spread] p2b\n|-activate|p2a: Espathra|move: Protect\n|-immune|p1b: Sneasler\n|-supereffective|p2b: Klefki\n|-crit|p2b: Klefki\n|-damage|p2b: Klefki|0 fnt\n|faint|p2b: Klefki\n|cant|p1b: Sneasler|par\n|\n|-ability|p2a: Espathra|Speed Boost|boost\n|-boost|p2a: Espathra|spe|1\n|upkeep\n|\n|t:|1735737120\n|switch|p2b: Ceruledge|Ceruledge, L50, F, shiny|100/100\n|turn|3\n|\n|t:|1735737137\n|move|p2a: Espathra|Dazzling Gleam|p1a: Garchomp|[spread] p1a,p1b\n|-supereffective|p1a: Garchomp\n|-damage|p1a: Garchomp|70/100\n|-damage|p1b: Sneasler|79/100 par\n|move|p1a: Garchomp|Earthquake|p2a: Espathra|[spread] p2a,p2b\n|-immune|p1b: Sneasler\n|-supereffective|p2b: Ceruledge\n|-damage|p2a: Espathra|68/100\n|-damage|p2b: Ceruledge|43/100\n|move|p2b: Ceruledge|Bitter Blade|p1b: Sneasler\n|-damage|p1b: Sneasler|8/100 par\n|-heal|p2b: Ceruledge|74/100|[from] drain|[of] p1b: Sneasler\n|move|p1b: Sneasler|Dire Claw|p2a: Espathra\n|-damage|p2a: Espathra|34/100\n|-status|p2a: Espathra|par\n|\n|-ability|p2a: Espathra|Speed Boost|boost\n|-boost|p2a: Espathra|spe|1\n|upkeep\n|turn|4\n|\n|t:|1735737166\n|move|p2a: Espathra|Protect|p2a: Espathra\n|-singleturn|p2a: Espathra|Protect\n|move|p2b: Ceruledge|Shadow Sneak|p1b: Sneasler\n|-damage|p1b: Sneasler|0 fnt\n|faint|p1b: Sneasler\n|move|p1a: Garchomp|Earthquake|p2a: Espathra|[spread] p2b\n|-activate|p2a: Espathra|move: Protect\n|-supereffective|p2b: Ceruledge\n|-damage|p2b: Ceruledge|15/100\n|\n|-ability|p2a: Espathra|Speed Boost|boost\n|-boost|p2a: Espathra|spe|1\n|upkeep\n|\n|t:|1735737178\n|switch|p1b: Amoonguss|Amoonguss, L50, F|100/100\n|turn|5\n|\n|t:|1735737187\n|move|p1b: Amoonguss|Protect|p1b: Amoonguss\n|-singleturn|p1b: Amoonguss|Protect\n|move|p2a: Espathra|Stored Power|p1b: Amoonguss\n|-activate|p1b: Amoonguss|move: Protect\n|move|p1a: Garchomp|Earthquake|p2a: Espathra|[spread] p2a,p2b\n|-activate|p1b: Amoonguss|move: Protect\n|-supereffective|p2b: Ceruledge\n|-damage|p2a: Espathra|0 fnt\n|-damage|p2b: Ceruledge|0 fnt\n|faint|p2a: Espathra\n|faint|p2b: Ceruledge\n|\n|win|jcfuj bad dt\n|raw|jcfuj bad dt's rating: 1110 &rarr; <strong>1132</strong><br />(+22 for winning)\n|raw|fivionxito's rating: 1072 &rarr; <strong>1053</strong><br />(-19 for losing)\n|l|\u2606fivionxito\n|player|p2|\n|l|\u2606jcfuj bad dt\n|player|p1|\n",
  "uploadtime": 1735737536,
  "views": 22,
  "formatid": "gen9vgc2024regh",
  "rating": 1053,
  "private": 0,
  "password": null
}