{
  "id": "gen9vgc2024regh-2273223933",
  "format": "[Gen 9] VGC 2024 Reg H",
  "players": [
    "jrassic",
    "KerryPvP"
  ],
  "log": "|j|\u2606jrassic\n|j|\u2606KerryPvP\n|t:|1735752377\n|gametype|doubles\n|player|p1|jrassic|170|1212\n|player|p2|KerryPvP|volkner|1165\n|teamsize|p1|6\n|teamsize|p2|6\n|gen|9\n|tier|[Gen 9] VGC 2024 Reg H\n|rated|\n|rule|Species Clause: Limit one of each Pok\u00e9mon\n|rule|Item Clause: Limit 1 of each item\n|clearpoke\n|poke|p1|Sneasel-Hisui, L50, M|\n|poke|p1|Cottonee, L50, M|\n|poke|p1|Quilava, L50, F|\n|poke|p1|Quilladin, L50, M|\n|poke|p1|Sentret, L50, F|\n|poke|p1|Duraludon, L50, F|\n|poke|p2|Talonflame, L50, F|\n|poke|p2|Gholdengo, L50|\n|poke|p2|Inteleon, L50, M|\n|poke|p2|Garchomp, L50, F|\n|poke|p2|Mimikyu, L50, F|\n|poke|p2|Venusaur, L50, F|\n|teampreview|4\n|inactive|Battle timer is ON: inactive players will automatically lose when time's up. (requested by KerryPvP)\n|inactive|jrassic has 60 seconds left.\n|\n|t:|1735752412\n|start\n|switch|p1a: Duraludon|Duraludon, L50, F, shiny|100/100\n|switch|p1b: Sentret|Sentret, L50, F, shiny|100/100\n|switch|p2a: Talonflame|Talonflame, L50, F|100/100\n|switch|p2b: Garchomp|Garchomp, L50, F|100/100\n|-item|p2a: Talonflame|Covert Cloak|[from] ability: Frisk|[of] p1b: Sentret\n|-item|p2b: Garchomp|Clear Amulet|[from] ability: Frisk|[of] p1b: Sentret\n|turn|1\n|inactive|jrassic has 30 seconds left.\n|\n|t:|1735752438\n|-terastallize|p1a: Duraludon|Dragon\n|move|p2a: Talonflame|Tailwind|p2a: Talonflame\n|-sidestart|p2: KerryPvP|move: Tailwind\n|move|p2b: Garchomp|Swords Dance|p2b: Garchomp\n|-boost|p2b: Garchomp|atk|2\n|move|p1a: Duraludon|Draco Meteor|p2b: Garchomp\n|-supereffective|p2b: Garchomp\n|-crit|p2b: Garchomp\n|-damage|p2b: Garchomp|0 fnt\n|-unboost|p1a: Duraludon|spa|2\n|faint|p2b: Garchomp\n|move|p1b: Sentret|Endeavor|p2a: Talonflame\n|-damage|p2a: Talonflame|52/100\n|\n|upkeep\n|\n|t:|1735752453\n|switch|p2b: Mimikyu|Mimikyu, L50, F|100/100\n|turn|2\n|\n|t:|1735752473\n|move|p2a: Talonflame|Protect|p2a: Talonflame\n|-singleturn|p2a: Talonflame|Protect\n|move|p1b: Sentret|Follow Me|p1b: Sentret\n|-singleturn|p1b: Sentret|move: Follow Me\n|move|p2b: Mimikyu|Swords Dance|p2b: Mimikyu\n|-boost|p2b: Mimikyu|atk|2\n|move|p1a: Duraludon|Draco Meteor|p2a: Talonflame\n|-activate|p2a: Talonflame|move: Protect\n|\n|upkeep\n|turn|3\n|\n|t:|1735752484\n|move|p1b: Sentret|Follow Me|p1b: Sentret\n|-singleturn|p1b: Sentret|move: Follow Me\n|move|p2a: Talonflame|Roost|p2a: Talonflame\n|-heal|p2a: Talonflame|100/100\n|-singleturn|p2a: Talonflame|move: Roost\n|move|p2b: Mimikyu|Swords Dance|p2b: Mimikyu\n|-boost|p2b: Mimikyu|atk|2\n|move|p1a: Duraludon|Draco Meteor|p2a: Talonflame\n|-damage|p2a: Talonflame|46/100\n|-unboost|p1a: Duraludon|spa|2\n|\n|upkeep\n|turn|4\n|\n|t:|1735752500\n|move|p1b: Sentret|Follow Me|p1b: Sentret\n|-singleturn|p1b: Sentret|move: Follow Me\n|move|p2a: Talonflame|Roost|p2a: Talonflame\n|-heal|p2a: Talonflame|97/100\n|-singleturn|p2a: Talonflame|move: Roost\n|move|p2b: Mimikyu|Taunt|p1b: Sentret\n|-start|p1b: Sentret|move: Taunt\n|move|p1a: Duraludon|Focus Energy|p1a: Duraludon\n|-start|p1a: Duraludon|move: Focus Energy\n|\n|-sideend|p2: KerryPvP|move: Tailwind\n|upkeep\n|turn|5\n|\n|t:|1735752520\n|move|p2a: Talonflame|Protect|p2a: Talonflame\n|-singleturn|p2a: Talonflame|Protect\n|move|p1a: Duraludon|Protect|p1a: Duraludon\n|-singleturn|p1a: Duraludon|Protect\n|move|p2b: Mimikyu|Swords Dance|p2b: Mimikyu\n|-boost|p2b: Mimikyu|atk|2\n|move|p1b: Sentret|Endeavor|p2a: Talonflame\n|-activate|p2a: Talonflame|move: Protect\n|\n|upkeep\n|turn|6\n|\n|t:|1735752540\n|switch|p1b: Cottonee|Cottonee, L50, M, shiny|100/100\n|move|p2a: Talonflame|Protect||[still]\n|-fail|p2a: Talonflame\n|move|p2b: Mimikyu|Play Rough|p1a: Duraludon\n|-supereffective|p1a: Duraludon\n|-damage|p1a: Duraludon|0 fnt\n|faint|p1a: Duraludon\n|\n|upkeep\n|\n|t:|1735752556\n|switch|p1a: Quilava|Quilava, L50, F, shiny|100/100\n|turn|7\n|\n|t:|1735752570\n|move|p2b: Mimikyu|Shadow Sneak|p1b: Cottonee\n|-damage|p1b: Cottonee|41/100\n|move|p1b: Cottonee|Sunny Day|p1b: Cottonee\n|-weather|SunnyDay\n|move|p2a: Talonflame|Brave Bird|p1a: Quilava\n|-damage|p1a: Quilava|24/100\n|-damage|p2a: Talonflame|78/100|[from] Recoil\n|move|p1a: Quilava|Eruption|p2a: Talonflame|[spread] p2a,p2b\n|-resisted|p2a: Talonflame\n|-damage|p2a: Talonflame|64/100\n|-activate|p2b: Mimikyu|ability: Disguise\n|-damage|p2b: Mimikyu|100/100\n|detailschange|p2b: Mimikyu|Mimikyu-Busted, L50, F\n|-damage|p2b: Mimikyu|88/100|[from] pokemon: Mimikyu-Busted\n|\n|-weather|SunnyDay|[upkeep]\n|upkeep\n|turn|8\n|\n|t:|1735752587\n|switch|p1a: Sentret|Sentret, L50, F, shiny|100/100\n|-item|p2a: Talonflame|Covert Cloak|[from] ability: Frisk|[of] p1a: Sentret\n|-item|p2b: Mimikyu|Weakness Policy|[from] ability: Frisk|[of] p1a: Sentret\n|move|p2b: Mimikyu|Shadow Sneak|p1b: Cottonee\n|-damage|p1b: Cottonee|0 fnt\n|faint|p1b: Cottonee\n|move|p2a: Talonflame|Brave Bird|p1a: Sentret\n|-enditem|p1a: Sentret|Focus Sash\n|-damage|p1a: Sentret|2/100\n|-damage|p2a: Talonflame|48/100|[from] Recoil\n|\n|-weather|SunnyDay|[upkeep]\n|upkeep\n|\n|t:|1735752599\n|switch|p1b: Quilava|Quilava, L50, F, shiny|24/100\n|turn|9\n|\n|t:|1735752608\n|move|p1a: Sentret|Follow Me|p1a: Sentret\n|-singleturn|p1a: Sentret|move: Follow Me\n|move|p2b: Mimikyu|Shadow Sneak|p1a: Sentret\n|-immune|p1a: Sentret\n|move|p2a: Talonflame|Brave Bird|p1a: Sentret\n|-damage|p1a: Sentret|0 fnt\n|faint|p1a: Sentret\n|-damage|p2a: Talonflame|47/100|[from] Recoil\n|move|p1b: Quilava|Heat Wave|p2a: Talonflame|[spread] p2a,p2b\n|-resisted|p2a: Talonflame\n|-crit|p2a: Talonflame\n|-damage|p2a: Talonflame|0 fnt\n|-damage|p2b: Mimikyu|10/100\n|faint|p2a: Talonflame\n|\n|-weather|SunnyDay|[upkeep]\n|upkeep\n|\n|t:|1735752610\n|switch|p2a: Venusaur|Venusaur, L50, F|100/100\n|turn|10\n|c|\u2606KerryPvP|Gg\n|\n|t:|1735752627\n|move|p2b: Mimikyu|Shadow Sneak|p1b: Quilava\n|-damage|p1b: Quilava|0 fnt\n|faint|p1b: Quilava\n|\n|win|KerryPvP\n|raw|jrassic's rating: 1212 &rarr; <strong>1184</strong><br />(-28 for losing)\n|raw|KerryPvP's rating: 1165 &rarr; <strong>1193</strong><br />(+28 for winning)\n|c|\u2606jrassic|gg\n|l|\u2606jrassic\n|player|p1|\n",
  "uploadtime": 1735753040,
  "views": 409,
  "formatid": "gen9vgc2024regh",
  "rating": 1184,
  "private": 0,
  "password": null
}