{
  "id": "gen9vgc2024regh-2273117408",
  "format": "[Gen 9] VGC 2024 Reg H",
  "players": [
    "itsgentlecrab",
    "slimey18"
  ],
  "log": "|j|\u2606itsgentlecrab\n|j|\u2606slimey18\n|t:|1735734155\n|gametype|doubles\n|player|p1|itsgentlecrab|miku-ground|1202\n|player|p2|slimey18|170|1344\n|teamsize|p1|6\n|teamsize|p2|6\n|gen|9\n|tier|[Gen 9] VGC 2024 Reg H\n|rated|\n|rule|Species Clause: Limit one of each Pok\u00e9mon\n|rule|Item Clause: Limit 1 of each item\n|clearpoke\n|poke|p1|Plusle, L50, M|\n|poke|p1|Toxtricity-Low-Key, L50, F|\n|poke|p1|Kommo-o, L50, F|\n|poke|p1|Sinistcha, L50|\n|poke|p1|Kingambit, L50, F|\n|poke|p1|Arcanine, L50, F|\n|poke|p2|Incineroar, L50, M|\n|poke|p2|Ursaluna-Bloodmoon, L50, M|\n|poke|p2|Dusclops, L50, F|\n|poke|p2|Amoonguss, L50, F|\n|poke|p2|Gholdengo, L50|\n|poke|p2|Palafin, L50, F|\n|teampreview|4\n|\n|t:|1735734198\n|start\n|switch|p1a: XO|Plusle, L50, M|100/100\n|switch|p1b: rock + roll|Toxtricity-Low-Key, L50, F|100/100\n|switch|p2a: Ursaluna|Ursaluna-Bloodmoon, L50, M|100/100\n|switch|p2b: Amoonguss|Amoonguss, L50, F|100/100\n|turn|1\n|inactive|Battle timer is ON: inactive players will automatically lose when time's up. (requested by slimey18)\n|\n|t:|1735734218\n|-terastallize|p1a: XO|Ghost\n|move|p1a: XO|Fake Tears|p2a: Ursaluna\n|-unboost|p2a: Ursaluna|spd|2\n|move|p1b: rock + roll|Boomburst|p2b: Amoonguss|[spread] p2a,p2b\n|-immune|p1a: XO\n|-damage|p2a: Ursaluna|8/100\n|-damage|p2b: Amoonguss|49/100\n|-enditem|p2b: Amoonguss|Sitrus Berry|[eat]\n|-heal|p2b: Amoonguss|74/100|[from] item: Sitrus Berry\n|-damage|p1b: rock + roll|91/100|[from] item: Life Orb\n|move|p2a: Ursaluna|Hyper Voice|p1b: rock + roll|[spread] p1a,p1b\n|-damage|p1a: XO|36/100\n|-damage|p1b: rock + roll|31/100\n|move|p2b: Amoonguss|Spore|p1b: rock + roll\n|-status|p1b: rock + roll|slp|[from] move: Spore\n|\n|upkeep\n|turn|2\n|inactive|itsgentlecrab has 30 seconds left.\n|inactive|slimey18 has 30 seconds left.\n|\n|t:|1735734246\n|switch|p1b: Friday Night Song|Arcanine, L50, F|100/100\n|-ability|p1b: Friday Night Song|Intimidate|boost\n|-unboost|p2a: Ursaluna|atk|1\n|-unboost|p2b: Amoonguss|atk|1\n|move|p2b: Amoonguss|Rage Powder|p2b: Amoonguss\n|-singleturn|p2b: Amoonguss|move: Rage Powder\n|move|p1a: XO|Fake Tears|p2b: Amoonguss\n|-unboost|p2b: Amoonguss|spd|2\n|move|p2a: Ursaluna|Hyper Voice|p1b: Friday Night Song|[spread] p1a,p1b\n|-damage|p1a: XO|0 fnt\n|-damage|p1b: Friday Night Song|55/100\n|faint|p1a: XO\n|\n|upkeep\n|\n|t:|1735734268\n|switch|p1a: rock + roll|Toxtricity-Low-Key, L50, F|31/100 slp\n|turn|3\n|\n|t:|1735734282\n|move|p1b: Friday Night Song|Extreme Speed|p2a: Ursaluna\n|-crit|p2a: Ursaluna\n|-damage|p2a: Ursaluna|0 fnt\n|faint|p2a: Ursaluna\n|move|p2b: Amoonguss|Rage Powder|p2b: Amoonguss\n|-singleturn|p2b: Amoonguss|move: Rage Powder\n|cant|p1a: rock + roll|slp\n|\n|upkeep\n|\n|t:|1735734290\n|switch|p2a: Palafin|Palafin, L50, F|100/100\n|turn|4\n|\n|t:|1735734305\n|switch|p2b: Incineroar|Incineroar, L50, M|100/100\n|-ability|p2b: Incineroar|Intimidate|boost\n|-unboost|p1a: rock + roll|atk|1\n|-unboost|p1b: Friday Night Song|atk|1\n|move|p2a: Palafin|Flip Turn|p1a: rock + roll\n|-damage|p1a: rock + roll|0 fnt\n|faint|p1a: rock + roll\n|\n|t:|1735734317\n|detailschange|p2a: Palafin|Palafin-Hero, L50, F\n|switch|p2a: Amoonguss|Amoonguss, L50, F|100/100|[from] Flip Turn\n|move|p1b: Friday Night Song|Flare Blitz|p2b: Incineroar\n|-resisted|p2b: Incineroar\n|-crit|p2b: Incineroar\n|-damage|p2b: Incineroar|67/100\n|-damage|p1b: Friday Night Song|41/100|[from] Recoil\n|\n|upkeep\n|\n|t:|1735734321\n|switch|p1a: Closer 2|Kingambit, L50, F|100/100\n|turn|5\n|\n|t:|1735734341\n|-terastallize|p2a: Amoonguss|Water\n|move|p1a: Closer 2|Protect|p1a: Closer 2\n|-singleturn|p1a: Closer 2|Protect\n|move|p1b: Friday Night Song|Flare Blitz|p2a: Amoonguss\n|-resisted|p2a: Amoonguss\n|-damage|p2a: Amoonguss|83/100\n|-damage|p1b: Friday Night Song|34/100|[from] Recoil\n|move|p2b: Incineroar|Knock Off|p1b: Friday Night Song\n|-damage|p1b: Friday Night Song|0 fnt\n|-enditem|p1b: Friday Night Song|Mirror Herb|[from] move: Knock Off|[of] p2b: Incineroar\n|faint|p1b: Friday Night Song\n|move|p2a: Amoonguss|Spore|p1a: Closer 2\n|-activate|p1a: Closer 2|move: Protect\n|\n|upkeep\n|turn|6\n|\n|t:|1735734360\n|move|p2b: Incineroar|Flare Blitz|p1a: Closer 2\n|-supereffective|p1a: Closer 2\n|-damage|p1a: Closer 2|34/100\n|-damage|p2b: Incineroar|44/100|[from] Recoil\n|move|p1a: Closer 2|Swords Dance|p1a: Closer 2\n|-boost|p1a: Closer 2|atk|2\n|move|p2a: Amoonguss|Spore|p1a: Closer 2\n|-activate|p1a: Closer 2|item: Safety Goggles|Spore\n|\n|upkeep\n|turn|7\n|\n|t:|1735734374\n|move|p2a: Amoonguss|Rage Powder|p2a: Amoonguss\n|-singleturn|p2a: Amoonguss|move: Rage Powder\n|move|p1a: Closer 2|Sucker Punch|p2b: Incineroar\n|-resisted|p2b: Incineroar\n|-damage|p2b: Incineroar|7/100\n|move|p2b: Incineroar|Flare Blitz|p1a: Closer 2\n|-supereffective|p1a: Closer 2\n|-crit|p1a: Closer 2\n|-damage|p1a: Closer 2|0 fnt\n|faint|p1a: Closer 2\n|-damage|p2b: Incineroar|0 fnt|[from] Recoil\n|faint|p2b: Incineroar\n|\n|win|slimey18\n|raw|itsgentlecrab's rating: 1202 &rarr; <strong>1187</strong><br />(-15 for losing)\n|raw|slimey18's rating: 1344 &rarr; <strong>1356</strong><br />(+12 for winning)\n|l|\u2606itsgentlecrab\n|player|p1|\n|l|\u2606slimey18\n|player|p2|\n",
  "uploadtime": 1735734755,
  "views": 32,
  "formatid": "gen9vgc2024regh",
  "rating": 1187,
  "private": 0,
  "password": null
}