{
  "id": "gen9vgc2024regh-2273132796",
  "format": "[Gen 9] VGC 2024 Reg H",
  "players": [
    "Gnarmander705",
    "Analytics Director"
  ],
  "log": "|j|\u2606Gnarmander705\n|j|\u2606Analytics Director\n|t:|1735737526\n|gametype|doubles\n|player|p1|Gnarmander705|shadowtriad|1470\n|player|p2|Analytics Director|169|1528\n|teamsize|p1|6\n|teamsize|p2|6\n|gen|9\n|tier|[Gen 9] VGC 2024 Reg H\n|rated|\n|rule|Species Clause: Limit one of each Pok\u00e9mon\n|rule|Item Clause: Limit 1 of each item\n|clearpoke\n|poke|p1|Archaludon, L50, F|\n|poke|p1|Politoed, L50, F|\n|poke|p1|Talonflame, L50, M|\n|poke|p1|Ursaluna-Bloodmoon, L50, M|\n|poke|p1|Indeedee, L50, M|\n|poke|p1|Incineroar, L50, F|\n|poke|p2|Gothitelle, L50, F|\n|poke|p2|Politoed, L50, M|\n|poke|p2|Zoroark-Hisui, L50, F|\n|poke|p2|Kingdra, L50, F|\n|poke|p2|Archaludon, L50, F|\n|poke|p2|Incineroar, L50, M|\n|teampreview|4\n|inactive|Battle timer is ON: inactive players will automatically lose when time's up. (requested by Analytics Director)\n|inactive|Gnarmander705 has 60 seconds left.\n|inactive|Analytics Director has 60 seconds left.\n|j| shihouijg6\n|inactive|Gnarmander705 has 30 seconds left.\n|inactive|Analytics Director has 30 seconds left.\n|inactive|Gnarmander705 has 20 seconds left.\n|inactive|Analytics Director has 20 seconds left.\n|inactive|Gnarmander705 has 15 seconds left.\n|inactive|Analytics Director has 15 seconds left.\n|inactive|Gnarmander705 has 10 seconds left.\n|inactive|Gnarmander705 has 5 seconds left.\n|\n|t:|1735737616\n|start\n|switch|p1a: Archaludon|Archaludon, L50, F|100/100\n|switch|p1b: Politoed|Politoed, L50, F|100/100\n|switch|p2a: Archaludon|Archaludon, L50, F|100/100\n|switch|p2b: Kingdra|Kingdra, L50, F|100/100\n|-weather|RainDance|[from] ability: Drizzle|[of] p1b: Politoed\n|turn|1\n|inactive|Gnarmander705 has 30 seconds left.\n|inactive|Analytics Director has 30 seconds left.\n|inactive|Analytics Director has 20 seconds left.\n|inactive|Analytics Director has 15 seconds left.\n|inactive|Analytics Director has 10 seconds left.\n|\n|t:|1735737662\n|move|p2b: Kingdra|Shadow Ball|p1a: Archaludon\n|-damage|p1a: Archaludon|64/100\n|-ability|p1a: Archaludon|Stamina|boost\n|-boost|p1a: Archaludon|def|1\n|move|p1a: Archaludon|Electro Shot||[still]\n|-prepare|p1a: Archaludon|Electro Shot\n|-boost|p1a: Archaludon|spa|1\n|-anim|p1a: Archaludon|Electro Shot|p2b: Kingdra\n|-damage|p2b: Kingdra|0 fnt\n|replace|p2b: Zoroark|Zoroark-Hisui, L50, F\n|-end|p2b: Zoroark|Illusion\n|faint|p2b: Zoroark\n|move|p2a: Archaludon|Dragon Pulse|p1a: Archaludon\n|-damage|p1a: Archaludon|41/100\n|-ability|p1a: Archaludon|Stamina|boost\n|-boost|p1a: Archaludon|def|1\n|move|p1b: Politoed|Muddy Water|p2a: Archaludon\n|-resisted|p2a: Archaludon\n|-damage|p2a: Archaludon|77/100\n|-ability|p2a: Archaludon|Stamina|boost\n|-boost|p2a: Archaludon|def|1\n|\n|-weather|RainDance|[upkeep]\n|upkeep\n|\n|t:|1735737683\n|switch|p2b: Kingdra|Kingdra, L50, F|100/100\n|turn|2\n|inactive|Gnarmander705 has 30 seconds left.\n|inactive|Gnarmander705 has 20 seconds left.\n|inactive|Gnarmander705 has 15 seconds left.\n|inactive|Gnarmander705 has 10 seconds left.\n|inactive|Gnarmander705 has 5 seconds left.\n|\n|t:|1735737736\n|-terastallize|p2a: Archaludon|Electric\n|move|p1b: Politoed|Protect|p1b: Politoed\n|-singleturn|p1b: Politoed|Protect\n|move|p2b: Kingdra|Draco Meteor|p1a: Archaludon\n|-damage|p1a: Archaludon|0 fnt\n|-unboost|p2b: Kingdra|spa|2\n|faint|p1a: Archaludon\n|-damage|p2b: Kingdra|90/100|[from] item: Life Orb\n|move|p2a: Archaludon|Electro Shot||[still]\n|-prepare|p2a: Archaludon|Electro Shot\n|-boost|p2a: Archaludon|spa|1\n|-anim|p2a: Archaludon|Electro Shot|p1b: Politoed\n|-activate|p1b: Politoed|move: Protect\n|\n|-weather|RainDance|[upkeep]\n|upkeep\n|\n|t:|1735737740\n|switch|p1a: Talonflame|Talonflame, L50, M|100/100\n|turn|3\n|inactive|Analytics Director has 30 seconds left.\n|inactive|Analytics Director has 20 seconds left.\n|\n|t:|1735737776\n|switch|p2b: Politoed|Politoed, L50, M|100/100\n|move|p1a: Talonflame|Tailwind|p1a: Talonflame\n|-sidestart|p1: Gnarmander705|move: Tailwind\n|move|p1b: Politoed|Haze|p1b: Politoed\n|-clearallboost\n|move|p2a: Archaludon|Electro Shot||[still]\n|-prepare|p2a: Archaludon|Electro Shot\n|-boost|p2a: Archaludon|spa|1\n|-anim|p2a: Archaludon|Electro Shot|p1a: Talonflame\n|-supereffective|p1a: Talonflame\n|-enditem|p1a: Talonflame|Focus Sash\n|-damage|p1a: Talonflame|1/100\n|\n|-weather|RainDance|[upkeep]\n|upkeep\n|turn|4\n|inactive|Gnarmander705 has 30 seconds left.\n|inactive|Gnarmander705 has 20 seconds left.\n|inactive|Analytics Director has 30 seconds left.\n|inactive|Gnarmander705 has 15 seconds left.\n|inactive|Gnarmander705 has 10 seconds left.\n|\n|t:|1735737823\n|move|p1a: Talonflame|Taunt|p2b: Politoed\n|-start|p2b: Politoed|move: Taunt\n|move|p1b: Politoed|Muddy Water|p2b: Politoed|[spread] \n|-miss|p1b: Politoed|p2a: Archaludon\n|-miss|p1b: Politoed|p2b: Politoed\n|move|p2a: Archaludon|Electro Shot||[still]\n|-prepare|p2a: Archaludon|Electro Shot\n|-boost|p2a: Archaludon|spa|1\n|-anim|p2a: Archaludon|Electro Shot|p1b: Politoed\n|-supereffective|p1b: Politoed\n|-damage|p1b: Politoed|0 fnt\n|faint|p1b: Politoed\n|move|p2b: Politoed|Weather Ball|p1a: Talonflame\n|-supereffective|p1a: Talonflame\n|-damage|p1a: Talonflame|0 fnt\n|faint|p1a: Talonflame\n|\n|-weather|RainDance|[upkeep]\n|upkeep\n|\n|t:|1735737829\n|switch|p1b: Ursaluna|Ursaluna-Bloodmoon, L50, M|100/100\n|turn|5\n|inactive|Analytics Director has 30 seconds left.\n|\n|t:|1735737855\n|-terastallize|p1b: Ursaluna|Ghost\n|move|p2a: Archaludon|Protect|p2a: Archaludon\n|-singleturn|p2a: Archaludon|Protect\n|move|p1b: Ursaluna|Blood Moon|p2a: Archaludon\n|-activate|p2a: Archaludon|move: Protect\n|move|p2b: Politoed|Weather Ball|p1b: Ursaluna\n|-damage|p1b: Ursaluna|35/100\n|\n|-weather|RainDance|[upkeep]\n|upkeep\n|turn|6\n|\n|t:|1735737871\n|switch|p2b: Kingdra|Kingdra, L50, F|90/100\n|move|p1b: Ursaluna|Hyper Voice|p2a: Archaludon|[spread] p2a,p2b\n|-crit|p2b: Kingdra\n|-damage|p2a: Archaludon|33/100\n|-damage|p2b: Kingdra|0 fnt\n|-ability|p2a: Archaludon|Stamina|boost\n|-boost|p2a: Archaludon|def|1\n|faint|p2b: Kingdra\n|-damage|p1b: Ursaluna|25/100|[from] item: Life Orb\n|move|p2a: Archaludon|Dragon Pulse|p1b: Ursaluna\n|-damage|p1b: Ursaluna|0 fnt\n|faint|p1b: Ursaluna\n|\n|win|Analytics Director\n|raw|Gnarmander705's rating: 1470 &rarr; <strong>1453</strong><br />(-17 for losing)\n|raw|Analytics Director's rating: 1528 &rarr; <strong>1545</strong><br />(+17 for winning)\n|l|\u2606Gnarmander705\n|player|p1|\n|l| shihouijg6\n|l|\u2606Analytics Director\n|player|p2|\n",
  "uploadtime": 1735738228,
  "views": 27,
  "formatid": "gen9vgc2024regh",
  "rating": 1453,
  "private": 0,
  "password": null
}