{
  "id": "gen9vgc2024regh-2273106943",
  "format": "[Gen 9] VGC 2024 Reg H",
  "players": [
    "Ask8324",
    "LocalCanine"
  ],
  "log": "|j|\u2606Ask8324\n|j|\u2606LocalCanine\n|t:|1735731677\n|gametype|doubles\n|player|p1|Ask8324|170|1121\n|player|p2|LocalCanine|101|1170\n|teamsize|p1|6\n|teamsize|p2|6\n|gen|9\n|tier|[Gen 9] VGC 2024 Reg H\n|rated|\n|rule|Species Clause: Limit one of each Pok\u00e9mon\n|rule|Item Clause: Limit 1 of each item\n|clearpoke\n|poke|p1|Snorlax, L50, M|\n|poke|p1|Clefairy, L50, F|\n|poke|p1|Orthworm, L50, F|\n|poke|p1|Indeedee-F, L50, F|\n|poke|p1|Gyarados, L50, M|\n|poke|p1|Armarouge, L50, F|\n|poke|p2|Politoed, L50, F|\n|poke|p2|Basculegion, L50, M|\n|poke|p2|Ludicolo, L50, F|\n|poke|p2|Grimmsnarl, L50, M|\n|poke|p2|Archaludon, L50, F|\n|poke|p2|Ambipom, L50, F|\n|teampreview|4\nLocalCanine has agreed to open team sheets.\n|inactive|Battle timer is ON: inactive players will automatically lose when time's up. (requested by LocalCanine)\n|\n|t:|1735731708\n|start\n|switch|p1a: Indeedee|Indeedee-F, L50, F|100/100\n|switch|p1b: Orthworm|Orthworm, L50, F|100/100\n|switch|p2a: Politoed|Politoed, L50, F|100/100\n|switch|p2b: Grimmsnarl|Grimmsnarl, L50, M|100/100\n|-fieldstart|move: Psychic Terrain|[from] ability: Psychic Surge|[of] p1a: Indeedee\n|-weather|RainDance|[from] ability: Drizzle|[of] p2a: Politoed\n|turn|1\n|\n|t:|1735731721\n|move|p2b: Grimmsnarl|Light Screen|p2b: Grimmsnarl\n|-sidestart|p2: LocalCanine|move: Light Screen\n|move|p2a: Politoed|Weather Ball|p1a: Indeedee\n|-damage|p1a: Indeedee|66/100\n|move|p1b: Orthworm|Shed Tail|p1b: Orthworm\n|-start|p1b: Orthworm|Substitute|[from] move: Shed Tail\n|-damage|p1b: Orthworm|50/100\n|\n|t:|1735731728\n|switch|p1b: Snorlax|Snorlax, L50, M|100/100|[from] Shed Tail\n|move|p1a: Indeedee|Trick Room|p1a: Indeedee\n|-fieldstart|move: Trick Room|[of] p1a: Indeedee\n|\n|-weather|RainDance|[upkeep]\n|upkeep\n|turn|2\n|\n|t:|1735731739\n|switch|p1a: Gyarados|Gyarados, L50, M|100/100\n|-ability|p1a: Gyarados|Intimidate|boost\n|-unboost|p2a: Politoed|atk|1\n|-unboost|p2b: Grimmsnarl|atk|1\n|move|p2b: Grimmsnarl|Reflect|p2b: Grimmsnarl\n|-sidestart|p2: LocalCanine|Reflect\n|move|p1b: Snorlax|Belly Drum|p1b: Snorlax\n|-damage|p1b: Snorlax|50/100\n|-setboost|p1b: Snorlax|atk|6|[from] move: Belly Drum\n|-enditem|p1b: Snorlax|Sitrus Berry|[eat]\n|-heal|p1b: Snorlax|75/100|[from] item: Sitrus Berry\n|move|p2a: Politoed|Weather Ball|p1b: Snorlax\n|-end|p1b: Snorlax|Substitute\n|\n|-weather|RainDance|[upkeep]\n|upkeep\n|turn|3\n|inactive|Ask8324 has 30 seconds left.\n|inactive|Ask8324 has 20 seconds left.\n|\n|t:|1735731774\n|switch|p1a: Orthworm|Orthworm, L50, F|50/100\n|move|p2b: Grimmsnarl|Parting Shot|p1a: Orthworm\n|-activate|p1a: Orthworm|move: Psychic Terrain\n|move|p1b: Snorlax|Body Slam|p2a: Politoed\n|-damage|p2a: Politoed|6/100\n|move|p2a: Politoed|Encore|p1b: Snorlax\n|-start|p1b: Snorlax|Encore\n|\n|-weather|RainDance|[upkeep]\n|-heal|p1a: Orthworm|56/100|[from] item: Leftovers\n|upkeep\n|turn|4\n|inactive|LocalCanine has 30 seconds left.\n|\n|t:|1735731800\n|switch|p2b: Archaludon|Archaludon, L50, F|100/100\n|switch|p2a: Basculegion|Basculegion, L50, M|100/100\n|move|p1b: Snorlax|Body Slam|p2a: Basculegion\n|-immune|p2a: Basculegion\n|move|p1a: Orthworm|Shed Tail|p1a: Orthworm\n|-start|p1a: Orthworm|Substitute|[from] move: Shed Tail\n|-damage|p1a: Orthworm|6/100\n|\n|t:|1735731823\n|switch|p1a: Indeedee|Indeedee-F, L50, F|66/100|[from] Shed Tail\n|\n|-weather|RainDance|[upkeep]\n|upkeep\n|turn|5\n|\n|t:|1735731841\n|-terastallize|p1b: Snorlax|Normal\n|move|p1b: Snorlax|Body Slam|p2b: Archaludon\n|-resisted|p2b: Archaludon\n|-damage|p2b: Archaludon|56/100\n|-ability|p2b: Archaludon|Stamina|boost\n|-boost|p2b: Archaludon|def|1\n|move|p1a: Indeedee|Heal Pulse|p1b: Snorlax\n|-heal|p1b: Snorlax|100/100\n|move|p2b: Archaludon|Electro Shot||[still]\n|-prepare|p2b: Archaludon|Electro Shot\n|-boost|p2b: Archaludon|spa|1\n|-anim|p2b: Archaludon|Electro Shot|p1a: Indeedee\n|-end|p1a: Indeedee|Substitute\n|move|p2a: Basculegion|Wave Crash|p1b: Snorlax\n|-damage|p1b: Snorlax|0 fnt\n|faint|p1b: Snorlax\n|-damage|p2a: Basculegion|55/100|[from] Recoil\n|\n|-weather|RainDance|[upkeep]\n|-fieldend|move: Trick Room\n|-fieldend|move: Psychic Terrain\n|upkeep\n|inactive|Ask8324 has 30 seconds left.\n|inactive|Ask8324 has 20 seconds left.\n|inactive|Ask8324 has 15 seconds left.\n|\n|t:|1735731883\n|switch|p1b: Orthworm|Orthworm, L50, F|6/100\n|turn|6\n|\n|t:|1735731900\n|move|p2a: Basculegion|Wave Crash|p1a: Indeedee\n|-damage|p1a: Indeedee|0 fnt\n|faint|p1a: Indeedee\n|-damage|p2a: Basculegion|36/100|[from] Recoil\n|move|p2b: Archaludon|Body Press|p1b: Orthworm\n|-supereffective|p1b: Orthworm\n|-damage|p1b: Orthworm|0 fnt\n|faint|p1b: Orthworm\n|\n|-weather|RainDance|[upkeep]\n|upkeep\n|\n|t:|1735731908\n|switch|p1b: Gyarados|Gyarados, L50, M|100/100\n|-ability|p1b: Gyarados|Intimidate|boost\n|-unboost|p2a: Basculegion|atk|1\n|-unboost|p2b: Archaludon|atk|1\n|turn|7\n|inactive|Ask8324 has 30 seconds left.\n|inactive|Ask8324 has 20 seconds left.\n|inactive|Ask8324 has 15 seconds left.\n|inactive|Ask8324 has 10 seconds left.\n|inactive|Ask8324 has 5 seconds left.\n|\n|t:|1735731963\n|switch|p2a: Grimmsnarl|Grimmsnarl, L50, M|100/100\n|move|p1b: Gyarados|Thunder Wave|p2a: Grimmsnarl\n|-status|p2a: Grimmsnarl|par\n|move|p2b: Archaludon|Draco Meteor|p1b: Gyarados\n|-damage|p1b: Gyarados|0 fnt\n|-unboost|p2b: Archaludon|spa|2\n|faint|p1b: Gyarados\n|\n|win|LocalCanine\n|raw|Ask8324's rating: 1121 &rarr; <strong>1100</strong><br />(-21 for losing)\n|raw|LocalCanine's rating: 1170 &rarr; <strong>1191</strong><br />(+21 for winning)\n|l|\u2606LocalCanine\n|player|p2|\n|l|\u2606Ask8324\n|player|p1|\n",
  "uploadtime": 1735732241,
  "views": 20,
  "formatid": "gen9vgc2024regh",
  "rating": 1100,
  "private": 0,
  "password": null
}